@article{Abrikosov1975,
  author = {A.A. Abrikosov and L.P. Gorkov and E. Dzyaloshinskii},
  title = { Methods of quantum field theory in statistical physics},
  journal = {Dover, New-York},
  year = {1975},
  volume = {},
  pages = {},
  doi = {},
  numpages = {},
  publisher = {Dover, New-York}
}
@article{Adler1962,
  author = {Adler, Stephen L.},
  doi = {10.1103/physrev.126.413},
  issn = {0031-899X},
  journal = {Physical Review},
  month = apr,
  number = {2},
  pages = {413-420},
  publisher = {American Physical Society (APS)},
  source = {Crossref},
  title = {Quantum Theory of the Dielectric Constant in Real Solids},
  volume = {126},
  year = {1962}
}
@article{Albrecht1998,
  author = {Albrecht, S. and Reining, L. and Del Sole, R. and Onida, G.},
  title = {Ab Initio Calculation of Excitonic Effects in the Optical Spectra of Semiconductors},
  journal = {Phys. Rev. Lett.},
  year = {1998},
  volume = {80},
  pages = {4510--4513},
  doi = {10.1103/PhysRevLett.80.4510},
  numpages = {3},
  publisher = {American Physical Society}
}
@article{Allen1976,
  author = {Allen, P. B. and V. Heine},
  title = {Theory of the temperature dependence of electronic band structures},
  journal = {J. of Phys. C: Solid State Physics},
  year = {1976},
  volume = {9},
  pages = {2305}
}
@article{Allen1978,
  author = {Allen, P. B.},
  title = {New method for solving Boltzmann's equation for electrons in metals},
  journal = {Phys. Rev. B},
  year = {1978},
  volume = {17},
  pages = {3725--3734},
  optdoi = {10.1103/PhysRevB.17.3725},
  issue = {10},
  publisher = {American Physical Society},
}
@article{Allen1981,
  author = {Allen, P. B. and Cardona, M.},
  title = {Theory of the temperature dependence of the direct gap of germanium},
  journal = {Phys. Rev. B},
  year = {1981},
  volume = {23},
  pages = {1495--1505}
}

@article{Allen1983,
  author = {Allen, P. B. and Cardona, M.},
  title = {Temperature dependence of the direct gap of {S}i and {G}e },
  journal = {Phys. Rev. B},
  year = {1983},
  volume = {27},
  pages = {4760--4769}
}
@incollection{Allen1996,
    AUTHOR = {Allen, P. B.},
    TITLE = {Boltzmann Theory and Resistivity of Metals},
    BOOKTITLE  = {Quantum Theory of Real Materials},
    EDITOR = {Chelikowsky, J. R. and Louie, S. G.},
    PUBLISHER = {Kl{\"u}wer},
    ADDRESS = {Boston},
    PAGES = {219-250},
    YEAR = {1996}
    }
@article{Allen2013,
  Title                    = {Recovering hidden Bloch character: Unfolding electrons, phonons, and slabs},
  Author                   = {Allen, P. B. and Berlijn, T. and Casavant, D. A. and Soler, J. M.},
  Journal                  = {Phys. Rev. B},
  Year                     = {2013},
  Pages                    = {085322},
  Volume                   = {87}
}
@article{Amadon2006,
  author = {Amadon, B. and Biermann, S. and Georges, A. and Aryasetiawan, F.},
  title = {The $\alpha$-$\gamma$ {T}ransition of {C}erium {I}s {E}ntropy {D}riven},
  journal = {Phys. Rev. Lett.},
  year = {2006},
  volume = {96},
  pages = {066402},
  doi = {10.1103/PhysRevLett.96.066402},
  file = {:/media/disk_iomega/BIBLIO/Cerium/DMFT/PhysRevLett.96.066402.pdf:PDF},
  issue = {6},
  numpages = {4},
  publisher = {American Physical Society},
}
@article{Amadon2008,
  author = {Amadon, B. and Lechermann, F. and Georges, A. and Jollet, F. and Wehling, T. O. and Liechtenstein, A. I.},
  title = {Plane-wave based electronic structure calculations for correlated materials using dynamical mean-field theory and projected local orbitals},
  journal = {Phys. Rev. B},
  year = {2008},
  volume = {77},
  pages = {205112},
  number = {20},
  file = {:/media/disk_iomega/BIBLIO/DMFT/PhysRevB.77.205112.pdf:PDF},
  owner = {amadonb},
  publisher = {American Physical Society},
  refid = {10.1103/PhysRevB.77.205112},
  timestamp = {2012.08.08},
  doi = {10.1103/PhysRevB.77.205112}
}
@article{Amadon2008a,
  title = {$\gamma$ and $\beta$ cerium: {LDA}+{U} calculations of ground-state parameters},
  author = {Amadon, B. and Jollet, F. and Torrent, M.},
  journal = {Phys. Rev. B},
  year = {2008},
  volume = {77},
  pages = {155104},
  doi = {10.1103/PhysRevB.77.155104},
  file = {:/media/disk_iomega/BIBLIO/Cerium/PhysRevB.77.155104-1.pdf:PDF},
  issue = {15},
  numpages = {10},
  publisher = {American Physical Society},
}
@article{Amadon2012,
  author = {Amadon, B.},
  title = {A self-consistent {DFT}+{DMFT} scheme in the projector augmented wave method: applications to cerium, {C}e$_2${O}$_3$ and {P}u$_2${O}$_3$ with the {H}ubbard {I} solver and comparison to {DFT}+{U}},
  journal = {J. Phys.: Cond. Matt.},
  year = {2012},
  volume = {24},
  pages = {075604},
  number = {7},
  file = {:/media/disk_iomega/BIBLIO/DMFT/0953-8984_24_7_075604.pdf:PDF},
  issn = {0953-8984},
  owner = {amadonb},
  timestamp = {2012.08.08},
  url = {http://iopscience.iop.org/article/10.1088/0953-8984/24/7/075604}
}
@article{Amadon2014,
  author = {Amadon, B. and Applencourt, T. and Bruneval, F.},
  title = {Screened Coulomb interaction calculations: c{RPA} implementation and applications to dynamical screening and self-consistency in uranium dioxide and cerium},
  journal = {Phys. Rev. B},
  year = {2014},
  volume = {89},
  pages = {125110},
  doi = {10.1103/PhysRevB.89.125110},
  issue = {12},
  numpages = {10},
  publisher = {American Physical Society},
}
@article{Amadon2015,
  author = {Amadon, B. and Gerossier, A.},
  title = {Comparative analysis of models for the $\alpha$-$\gamma$ phase transition in cerium: A DFT+DMFT study using Wannier orbitals},
  journal = {Phys. Rev. B},
  year = {2015},
  volume = {91},
  pages = {161103},
  doi = {10.1103/PhysRevB.91.161103},
  issue = {16},
  numpages = {5},
  publisher = {American Physical Society},
}
@article{Ambrosetti2012,
  author = {Ambrosetti, A. and Silvestrelli, P. L.},
  title = {van der {W}aals interactions in density functional theory using Wannier functions: Improved {C}6 and {C}3 coefficients by a different approach},
  journal = {Phys. Rev. B},
  year = {2012},
  volume = {85},
  pages = {073101}
}
@article{Anisimov1991,
  author = {Anisimov, V. I. and Gunnarsson, O.},
  title = {Density-functional calculation of effective Coulomb interactions in metals},
  journal = {Phys. Rev. B},
  year = {1991},
  volume = {43},
  pages = {7570--7574},
  number = {10},
  owner = {amadonb},
  publisher = {American Physical Society},
  refid = {10.1103/PhysRevB.43.7570},
  timestamp = {2013.07.03},
  doi = {10.1103/PhysRevB.43.7570}
}
@article{Antonius2014,
  author = {Antonius, G. and Ponc\'e, S. and Boulanger, P. and C\^ot\'e, M. and Gonze, X.},
  title = {Many-Body Effects on the Zero-Point Renormalization of the Band Structure},
  journal = {Phys. Rev. Lett.},
  year = {2014},
  volume = {112},
  pages = {215501}
}

@article{Antonius2015,
  author = {Antonius, G. and Ponc\'e, S. and Lantagne-Hurtubise, E. and Auclair, G. and Gonze, X. and C\^ot\'e, M.},
  title = {Dynamical and anharmonic effects on the electron-phonon coupling and the zero-point renormalization of the electronic structure},
  journal = {Phys. Rev. B},
  year = {2015},
  volume = {92},
  pages = {085137}
}
@article{Arponen1979,
  title = {Angular correlation in positron annihilation },
  author = {J. Arponen and E. Pajanne},
  doi = {10.1088/0305-4608/9/12/009},
  journal = {J. Phys. F},
  volume = {9},
  pages = {2359},
  year = {1979}
}
@article{Aryasetiawan2004,
  author = {Aryasetiawan, F. and Imada, M. and Georges, A. and Kotliar, G. and Biermann, S. and Liechtenstein, A. I.},
  title = {Frequency-dependent local interactions and low-energy effective models from electronic structure calculations},
  journal = {Phys. Rev. B},
  year = {2004},
  volume = {70},
  pages = {195104--},
  number = {19},
  keywords = {cRPA},
  owner = {amadonb},
  publisher = {American Physical Society},
  refid = {10.1103/PhysRevB.70.195104},
  timestamp = {2013.03.15},
  doi = {10.1103/PhysRevB.70.195104}
}
@article{Aryasetiawan2006,
  title={Calculations of Hubbard U from first-principles},
  author={F. Aryasetiawan, K. Karlsson, O. Jepsen, and U. Sch\"onberger},
  journal={Phys. Rev. B},
  volume={74},
  pages={125106},
  year={2006}
}
@article{Audouze2006,
  author ={Audouze,C. and Jollet,F. and Torrent,M. and Gonze,X.},
  journal ={Phys. Rev. B},
  volume={73},
  pages={235101},
  year={2006},
  title={Projector augmented-wave approach to density-functional perturbation theory}
}
@article{Audouze2008,
  author ={Audouze,C. and Jollet,F. and Torrent,M. and Gonze,X.},
  journal ={Phys. Rev. B},
  volume={78},
  pages={035105},
  year={2008},
  title={Comparison between projector augmented-wave and ultrasoft pseudopotential formalisms at the density-functional perturbation theory level}
}
@article{Bachelet1982,
  author = {Bachelet, G.B. and Hamann, D.R. and Schl\"uter, M.},
  title = {Pseudopotentials that work: From {H} to {P}u},
  journal = {Phys. Rev. B},
  year = {1982},
  volume = {26},
  pages = {4199--4228},
  doi = {10.1103/PhysRevB.26.4199},
  numpages = {29},
  publisher = {American Physical Society}
}
@article{Bader1994,
   author = {Bader, R. F. W.},
   title = {Atoms in Molecules: A Quantum Theory},
   journal = {Oxford University Press.},
   year = {1994},
   volume = {ISBN 978-0-19-855865-1},
   number = {}, 
   pages = {},
   url = {},
   doi = {} 
}
@article{Barbiellini1996,
  title = {Calculation of positron states and annihilation in solids: A density-gradient-correction scheme},
  author = {Barbiellini, B. and Puska, M. J. and Korhonen, T. and Harju, A. and Torsti, T. and Nieminen, R. M.},
  journal = {Phys. Rev. B},
  volume = {53},
  issue = {24},
  pages = {16201},
  year = {1996},
  doi = {10.1103/PhysRevB.53.16201},
  publisher = {American Physical Society}
}
@article{Baroni1986,
 author = {Baroni, Stefano and Resta, Raffaele},
 issn = {0163-1829},
 journal = {Phys. Rev. B},
 month = may,
 number = {10},
 pages = {7017-7021},
 publisher = {American Physical Society (APS)},
 source = {Crossref},
 title = {Ab initiocalculation of the macroscopic dielectric constant in silicon},
 url = {https://journals.aps.org/prb/abstract/10.1103/PhysRevB.33.7017},
 volume = {33},
 year = {1986},
}
@article{Baroni1987,
  author = {Baroni, S. and Giannozzi, P. and Testa, A.},
  title = {Green's-function approach to linear response in solids},
  journal = {Phys. Rev. Lett.},
  year = {1987},
  volume = {58},
  pages = {1861--1864}
}
@article{Becke1990,
   author = {Becke, A. D. and Edgecombe, K. E.},
   title = {A simple measure of electron localization in atomic and molecular systems},
   journal = {J. Chem. Phys.},
   year = {1990},
   volume = {92},
   number = {9}, 
   pages = {5397-5403},
   url = {http://scitation.aip.org/content/aip/journal/jcp/92/9/10.1063/1.458517},
   doi = {10.1063/1.458517} 
}
@article{Benedict1998,
  title = {Optical Absorption of Insulators and the Electron-Hole Interaction: An \textit{Ab Initio} Calculation},
  author = {Benedict, L. X. and Shirley, E. L. and Bohn, R. B.},
  journal = {Phys. Rev. Lett.},
  volume = {80},
  issue = {20},
  pages = {4514--4517},
  numpages = {0},
  year = {1998},
  publisher = {American Physical Society},
  doi = {10.1103/PhysRevLett.80.4514}
}
@article{Bengone2000,  
  title={Implementation of the projector augmented-wave {LDA}+{U} method: Application to the electronic structure of {N}i{O}},
  author={O. Bengone, M. Alouani, P. Bl\"ochl, and J. Hugel},
  journal={Phys. Rev. B},
  volume={62},
  pages={16392},
  year={1994}
}
@article{Bergeron2016,
  title = {Algorithms for optimized maximum entropy and diagnostic tools for analytic continuation},
  author = {Bergeron, Dominic and Tremblay, A.-M. S.},
  journal = {Phys. Rev. E},
  volume = {94},
  issue = {2},
  pages = {023303},
  numpages = {25},
  year = {2016},
  month = {Aug},
  publisher = {American Physical Society},
  doi = {10.1103/PhysRevE.94.023303},
  url = {https://link.aps.org/doi/10.1103/PhysRevE.94.023303}
}
@article{Bieder2014,
  author = {Bieder, J. and Amadon, B.},
  title = {Thermodynamics of the $\alpha$-$\gamma$ transition in cerium from first principles},
  journal = {Phys. Rev. B},
  year = {2014},
  volume = {89},
  pages = {195132},
  doi = {10.1103/PhysRevB.89.195132},
  issue = {19},
  numpages = {7},
  publisher = {American Physical Society},
}
@article{Blancoa1997,
  title={Evaluation of the rotation matrices in the basis of real spherical harmonics"},
  author={Miguel A. Blancoa and M. Floreza and M. Bermejo},
  journal={Journal of Molecular Structure (Theochem)},
  volume={419},
  pages={19},
  year={1997}
}
@article{Bloechl1994,
   author = {Bl\"{o}chl, P.E.},
    title = {Projector augmented-wave method},
  journal = {Phys. Rev. B},
     year = {1994},
   volume = {50},
    pages = {17953-17979},
      doi = {10.1103/PhysRevB.50.17953}
}
@article{Bloechl1994a,
  title = {Improved tetrahedron method for Brillouin-zone integrations},
  author = {Bl\"ochl, Peter E. and Jepsen, O. and Andersen, O. K.},
  journal = {Phys. Rev. B},
  volume = {49},
  issue = {23},
  pages = {16223--16233},
  numpages = {0},
  year = {1994},
  month = {Jun},
  publisher = {American Physical Society},
  doi = {10.1103/PhysRevB.49.16223},
  url = {https://link.aps.org/doi/10.1103/PhysRevB.49.16223}
}
@article{Bockstedte1997,
	Author = {Bockstedte, M. and Kley,A. and Neugebauer, J.  and Scheffler, M. },
        title = {Density-functional theory calculations for poly-atomic systems: electronic structure, static and elastic properties and ab initio molecular dynamics},
	Journal = {Comp. Phys. Comm.}, 
	Volume = {107}, 
	Pages = {187},
	Year = {1997}
 }
@article{Boronski1986,
  title = {Electron-positron density-functional theory},
  author = {Boro\'nski, E. and Nieminen, R. M.},
  journal = {Phys. Rev. B},
  volume = {34},
  issue = {6},
  pages = {3820},
  year = {1986},
  doi = {10.1103/PhysRevB.34.3820},
  publisher = {American Physical Society}
}
@article{Bottin2008,
  title={Large-scale ab initio calculations based on three levels of parallelization},
  author={Bottin, F. and Leroux, S. and Knyazev, A. and Z{\'e}rah, G.},
  journal={Comp. Mat. Sci.},
  volume={42},
  number={2},
  pages={329--336},
  year={2008},
  publisher={Elsevier}
}
@article{Bousquet2011,
  title = {Unexpectedly Large Electronic Contribution to Linear Magnetoelectricity},
  author = {Bousquet, E. and Spaldin, N. A. and Delaney, K. T.},
  journal = {Phys. Rev. Lett.},
  volume = {106},
  pages = {107202},
  year = {2011},
  doi = {10.1103/PhysRevLett.106.107202},
}
@article{Bruneval2006,
  author={F. Bruneval and N. Vast and L. Reining},
  title={Effect of self-consistency on quasiparticles in solids},
  journal={Phys. Rev. B},
  volume={74},
  pages={045102},
  year={2006},
}
@article{Bruneval2008,
  title = {Accurate {GW} self-energies in a plane-wave basis using only a few empty states: Towards large systems},
  author = {Bruneval, F. and Gonze, X.},
  journal = {Phys. Rev. B},
  volume = {78},
  issue = {8},
  pages = {085125},
  numpages = {9},
  year = {2008},
  publisher = {American Physical Society},
  doi = {10.1103/PhysRevB.78.085125},
}
@article{Bruneval2012,
  title = {Range-Separated Approach to the {RPA} Correlation Applied to the van der Waals Bond and to Diffusion of Defects},
  author = {Bruneval, F.},
  journal = {Phys. Rev. Lett.},
  volume = {108},
  issue = {25},
  pages = {256403},
  numpages = {5},
  year = {2012},
  publisher = {American Physical Society},
  doi = {10.1103/PhysRevLett.108.256403},
}
@article{Bruneval2014,
  title = {Consistent treatment of charged systems within periodic boundary conditions: The projector augmented-wave and pseudopotential methods revisited},
  author = {Bruneval, F. and Crocombette, J.-P. and Gonze, X. and Dorado, B. and Torrent, M. and Jollet, F.},
  journal = {Phys. Rev. B},
  volume = {89},
  issue = {4},
  pages = {045116},
  numpages = {13},
  year = {2014},
  publisher = {American Physical Society},
  doi = {10.1103/PhysRevB.89.045116},
}
@article{Calloni2005,
  title={Positron localization effects on the Doppler broadening of the annihilation line: Aluminum as a case study},
  author={Calloni, A. and Dupasquier, A. and Ferragut, R. and Folegati, P. and Iglesias, M.M. and Makkonen, I. and Puska, M.J.},
  journal={Phys. Rev. B},
  volume={72},
  number={5},
  pages={054112},
  year={2005},
  publisher={APS}
}
@article{Campillo1998,
title = {Electronic stopping power of aluminum crystal},
journal = {Phys. Rev. B},
volume = {58},
issue = {16},
pages = {10307 - 10314},
year = {1998},
doi = {10.1103/PhysRevB.58.10307},
author = {I. Campillo and J. M. Pitarke and A. G. Eguiluz}
}
@article{Cappellini1993,
  title = {Model dielectric function for semiconductors},
  author = {Cappellini, G. and Del Sole, R. and Reining, L. and Bechstedt, F.},
  journal = {Phys. Rev. B},
  volume = {47},
  issue = {15},
  pages = {9892--9895},
  numpages = {0},
  year = {1993},
  month = {Apr},
  publisher = {American Physical Society},
  doi = {10.1103/PhysRevB.47.9892},
}
@article{Caracas2007,
  title={Prediction of polar ordered oxynitride perovskites},
  author={Caracas, R. and Cohen, R.E. },
  journal={J. Appl. Phys. Lett.},
  volume={91},
  number={},
  pages={092902},
  year={2007},
  doi = {10.1063/1.2776370},
  publisher={}
}
@article{Caracas2007a,
  title={Post-perovskite phase in selected sesquioxides from density-functional calculations},
  author={Caracas, R. and Cohen, R.E. },
  journal={Phys. Rev. B},
  volume={76},
  number={},
  pages={184101},
  year={2007},
  doi = {},
  publisher={}
}
@article{Caracas2008,
  title={Dynamical Instabilities of Ice X},
  author={Caracas, R. },
  journal={Phys. Rev. Lett.},
  volume={101},
  number={},
  pages={085502},
  year={2008},
  doi = {10.1103/PhysRevLett.101.085502},
  publisher={}
}
@article{Casida1998,
  title = {Molecular excitation energies to high-lying bound states from time-dependent density-functional response theory:
   Characterization and correction of the time-dependent local density approximation ionization threshold},
  author = {Mark E. Casida and Christine Jamorski and Kim C. Casida and Dennis R. Salahub},
  journal = {J. Chem. Phys.},
  volume = {108},
  pages = {4439},
  year = {1998},
  doi = {10.1063/1.475855}
}
@article{Casida1998a,
  title = {Excited-state potential energy curves from time-dependent density-functional theory:
   A cross section of formaldehyde's 1A1 manifold},
  author = {Mark E. Casida and Kim C. Casida and Dennis R. Salahub},
  journal = {International Journal of Quantum Chemistry},
  volume = {70},
  pages = {933},
  year = {1998} 
}
@article{Cococcioni2005,
  author = {Cococcioni, M. and de Gironcoli, S.},
  title = {Linear response approach to the calculation of the effective interaction parameters in the {LDA}+{U} method},
  journal = {Phys. Rev. B},
  year = {2005},
  volume = {71},
  pages = {035105},
  number = {3},
  file = {:/media/disk_iomega/BIBLIO/Interaction/PhysRevB.71.035105.pdf:PDF},
  keywords = {DFTU interaction, cRPA},
  owner = {amadonb},
  publisher = {American Physical Society},
  refid = {10.1103/PhysRevB.71.035105},
  timestamp = {2012.06.21},
  doi = {10.1103/PhysRevB.71.035105}
}
@book{Coleman2015,
  title = {Introduction to Many-Body Physics},
  publisher = {Cambridge University Press},
  year = {2015},
  author = {Piers Coleman},
}
@article{Czyzyk1994,
  title={Local-density functional and on-site correlations: {T}he electronic structure of {L}a$_2${C}u{O}$_4$ and {L}a{C}u{O}$_3$},
  author={M. T. Czyzyk and G. A. Sawatzky},
  journal={Phys. Rev. B},
  volume={49},
  pages={14211},
  year={1994}
}
@book{Daubechies1992,
  title = {10 Lectures on Wavelets},
  publisher = {Society for Industrial and Applied Mathematics ({SIAM}, 3600 {M}arket {S}treet, {F}loor 6, {P}hiladelphia, {PA} 19104)},
  year = {1992},
  author = {Daubechies, I.},
  isbn = {9780898712742},
  keywords = {Mathematics / General, Mathematics / Infinity, Mathematics / Mathematical Analysis, Science / Waves \& Wave Mechanics, Technology \& Engineering  / General},
  language = {en}
}
@article{Dion2004,
  title = {Van der Waals Density Functional for General Geometries},
  author = {Dion, M. and Rydberg, H. and Schr\"oder, E. and Langreth, D. C. and Lundqvist, B. I.},
  journal = {Phys. Rev. Lett.},
  volume = {92},
  pages = {246401},
  year = {2004},
  doi = {10.1103/PhysRevLett.92.246401},
  note = {Erratum: DOI:10.1103/PhysRevLett.95.109902}
}
@article{Espejo2012,
  title={Wannier functions approach to van der {W}aals} interactions in {ABINIT} },
  author={Espejo, C. and Rangel, T. and Pouillon, Y. and Romero, A. H. and Gonze, X.},
  journal={Comp. Phys. Comm.},
  volume={183},
  pages={480},
  year={2012},
}
@article{Fetter1971,
  title={Quantum Theory of Many-Particle Systems},
  author={A.L. Fetter and J.D. Walecka},
  journal={McGraw-Hill, New York},
  volume={},
  pages={},
  publisher = {McGraw-Hill, New York},
  year={1971}
}
@article{Folegati2007,
  title={Analysis of electron-positron momentum spectra of metallic alloys as supported by first-principles calculations},
  author={Folegati, P. and Makkonen, I. and Ferragut, R. and Puska, M.J.},
  journal={Phys. Rev. B},
  volume={75},
  number={5},
  pages={054201},
  year={2007},
  publisher={APS}
}
@article{Fresard1997,
  title={Interplay of Mott transition and ferromagnetism in the orbitally degenerate Hubbard model},
  author={Raymond Fr\'esard and Gabriel Kotliar},
  journal={Phys. Rev. B},
  volume={56},
  pages={12909},
  year={1997}
}
@article{Freund1995,
  author = {Freund, R. W. and Nachtigal, N. M.},
  title = {Software for simplified {L}anczos and {QMR} algorithms},
  journal = {Applied Numerical Mathematics},
  year = {1995},
  volume = {19},
  pages = {319},
  doi = {10.1016/0168-9274(95)00089-5},
}
@article{Fuchs1999,
title = {Ab initio pseudopotentials for electronic structure calculations of poly-atomic systems using density-functional theory },
journal = {Comp. Phys. Comm.},
volume = {119},
number = {1},
pages = {67 - 98},
year = {1999},
note = {},
issn = {0010-4655},
doi = {10.1016/S0010-4655(98)00201-X},
url = {http://www.sciencedirect.com/science/article/pii/S001046559800201X},
author = {Fuchs,M. and Scheffler,M.}
}
@article{Garrity2014,
title = {Pseudopotentials for high-throughput {DFT} calculations },
journal = {Comp. Mat. Sci. },
volume = {81},
number = {},
pages = {446 - 452},
year = {2014},
note = {},
issn = {0927-0256},
doi = {10.1016/j.commatsci.2013.08.053},
url = {http://www.sciencedirect.com/science/article/pii/S0927025613005077},
author = {Garrity, K.F. and Bennett, J.W. and Rabe, K.M. and Vanderbilt, D.},
keywords = {Pseudopotentials},
keywords = {High-throughput},
keywords = {Density functional theory },
}
@article{Geneste2012,
  Author         = {G. Geneste and M. Torrent and F. Bottin and P. Loubeyre},
  Title          = {Strong Isotope Effect in Phase {I}{I} of Dense Solid Hydrogen and Deuterium},
  Journal        = {Phys. Rev. Lett.},
  Volume         = {109},
  Pages          = {155303},
  year           = {2012}
}
@article{Geneste2015,
  Author         = {G. Geneste and A. Ottochian and J. Hermet and G. Dezanneau},
  Title          = {Proton transport in barium stannate: classical, semi-classical and quantum regimes},
  Journal        = {Phys. Chem. Chem. Phys.},
  Volume         = {17},
  Pages          = {19104},
  year           = {2015}
}
@unpublished{Geneste2016,
  author={G. Geneste and B. Amadon and M. Torrent and G. Dezanneau},
  year={2016}
}
@article{Genovese2008,
  author = {Genovese,L. and Neelov,L. and Goedecker,S. and Deutsch,T. and Alireza Ghasemi,S. and Willand,A. and Caliste,D. and Zilberberg,O. and Rayson,M. and Bergman,A. and Schneider,R.},
  title = {Daubechies wavelets as a basis set for density functional pseudopotential calculations},
  journal = {J. Chem. Phys.},
  year = {2008},
  volume = {129},
  pages = {014109},
}
@article{Genovese2009,
  title={ Density Functional Theory calculation on many-cores hybrid {CPU}-{GPU} architectures in hybrid architecture},
  author={Genovese,L. and Ospici,M. and Deutsch,T. and M\'ehaut,J.-F. and Neelov,A. and Goedecker,S.},
  journal={J. Chem. Phys.},
  volume={131},
  number={},
  pages={034103},
  year={2009},
}
@article{Georges1996,
  author = {Georges, A. and Kotliar, G. and Krauth, W. and Rozenberg, M.J.},
  title = {Dynamical mean-field theory of strongly correlated fermion systems and the limit of infinite dimensions},
  journal = {Rev. Mod. Phys.},
  year = {1996},
  volume = {68},
  pages = {13--125},
  doi = {10.1103/RevModPhys.68.13},
  issue = {1},
  publisher = {American Physical Society},
}
@article{Georges2004,
  author = {Georges, A.},
  title = {Strongly Correlated Electron Materials: Dynamical Mean-Field Theory and Electronic Structure},
  journal = {{AIP} {C}onf. {P}roc.},
  year = {2004},
  volume = {715},
  pages = {3--74},
  number = {1},
  file = {:/media/disk_iomega/BIBLIO/DMFT/APC000003.pdf:PDF},
  keywords = {strongly correlated electron systems, metal-insulator transition,	density functional theory, electronic structure, band theory, Green's function methods, spin systems, transport processes, critical phenomena, transition metal compounds, rare earth compounds, actinide compounds, oxygen compounds},
  owner = {amadonb},
  publisher = {AIP},
  timestamp = {2012.10.18},
  doi = {10.1063/1.1800733}
}
@article{Giannozzi2009,
  author={Giannozzi, P. and Baroni, S. and Bonini, N. and Calandra, M. and Car, R. and Cavazzoni, C. and Ceresoli, D. and Chiarotti, G.L. and  Cococcioni, M. and Dabo, I. and Dal Corso, A. and de Gironcoli, S. and Fabris, S. and Fratesi, G. and Gebauer, R. and Gerstmann, U. and Gougoussis, C. and Kokalj, A. and Lazzeri, M. and Martin-Samos, L. and Marzari, N. and Mauri, F. and Mazzarello, R. and Paolini, S. and Pasquarello, A. and Paulatto, L. and Sbraccia, C. and Scandolo, S. and Sclauzero, G. and Seitsonen, A.P. and Smogunov, A. and Umari, P. and Wentzcovitch, R.M.},
  title={{QUANTUM} {ESPRESSO}: a modular and open-source software project for quantum simulations of materials},
  journal={J. Phys.: Cond. Matt.},
  volume={21},
  number={39},
  pages={395502},
  url={http://iopscience.iop.org/article/10.1088/0953-8984/21/39/395502},
  year={2009},
}
@article{Giantomassi2011,
  author = {Giantomassi, M. and Stankovski, M. and Shaltaf, R. and Gruning, M. and Bruneval, F. and Rinke, P. and Rignanese, G.M.},
  title = {{Electronic properties of interfaces and defects from many-body perturbation theory: Recent developments and applications}},
  journal = {Physica Status Solidi B},
  year = {2011},
  volume = {248},
  number = {2},
  pages = {275--289},
  doi = {10.1002/pssb.201046094},
}
@article{Gillet2013,
  Title                    = {First-principles study of excitonic effects in Raman intensities},
  Author                   = {Gillet, Y. and Giantomassi, M. and Gonze, X.},
  Journal                  = {Phys. Rev. B},
  Year                     = {2013},
  Pages                    = {094305},
  Volume                   = {88},
  Doi                      = {10.1103/PhysRevB.88.094305},
  File                     = {Gillet2013.pdf:Gillet2013.pdf:PDF;Gillet2013.pdf:Gillet2013.pdf:PDF},
  Issue                    = {9},
  Numpages                 = {9},
  Publisher                = {American Physical Society},
  Url                      = {http://link.aps.org/doi/10.1103/PhysRevB.88.094305}
}
@article{Gillet2015,
  Title                    = {Efficient Interpolation Technique for {B}ethe-{S}alpeter Calculation of Optical Spectra},
  Author                   = {Gillet, Y. and Giantomassi, M. and Gonze, X.},
  Year                     = {2016},
  volume                   = {203C},
  pages                    = {83-93},
  Journal                  = {Comput. Phys. Comm.},
  Doi                      = {10.1016/j.cpc.2016.02.008},
  Owner                    = {yannick},
  Timestamp                = {2015.08.27}
}
@article{Gillet2017,
        Author = {Yannick Gillet and Stefan Kontur and Matteo Giantomassi and Claudia Draxl and Xavier Gonze},
        Journal = {Scientific Reports},
        Pages = {7344},
        Title = {Ab Initio Approach to Second-order Resonant Raman Scattering Including Exciton-Phonon Interaction},
        Volume = {7},
        Year = {2017} 
}
@article{Godby1989, 
  title = {Metal-insulator transition in Kohn-Sham theory and quasiparticle theory},
  author = {R. W. Godby and R. J. Needs},
  journal = {Phys. Rev. Lett.},
  volume = {62},
  issue = {},
  pages = {1169},
  numpages = {0},
  year = {1989},
  publisher = {American Physical Society},
  doi = {10.1103/PhysRevLett.62.1169},
}
@article{Goedecker1996,
        title = {Separable dual-space Gaussian pseudopotentials},
        volume = {54},
        number = {3},
        journal = {Phys. Rev. B},
        author = {Goedecker, S. and Teter, M. and H\"utter, J.},
        year = {1996},
        pages = {1703--1710}
}
@article{Gonze1991,
  title = {Analysis of separable potentials},
  author = {Gonze, X. and Stumpf, R. and Scheffler, M.},
  journal = {Phys. Rev. B},
  volume = {44},
  issue = {16},
  pages = {8503--8513},
  numpages = {0},
  year = {1991},
  publisher = {American Physical Society},
  doi = {10.1103/PhysRevB.44.8503},
}
@article{Gonze1995,
  author = {Gonze, X.},
  title = {Adiabatic density-functional perturbation theory},
  journal = {Phys. Rev. A},
  year = {1995},
  volume = {52},
  number = {2},
  pages = {1096--1114},
  doi = {10.1103/PhysRevA.52.1096},
}
@article{Gonze1997,
  author = {Gonze, X.},
  title = {First-principles responses of solids to atomic displacements and homogeneous electric fields: Implementation of a conjugate-gradient	algorithm},
  journal = {Phys. Rev. B},
  year = {1997},
  volume = {55},
  pages = {10337--10354}
}
@article{Gonze1997a,
  author ={Gonze,X. and Lee,C.},
  journal ={Phys. Rev. B},
  volume={55},
  pages={10355},
  year={1997},
  title={Dynamical matrices, Born effective charges, dielectric permittivity tensors, and interatomic force constants from density-functional perturbation theory}
}
@article{Gonze2002,
  author ={X. Gonze and J.-M. Beuken and R. Caracas and F. Detraux and M. Fuchs and G.-M. Rignanese and L. Sindic and M. Verstraete and G. Zerah and F. Jollet and M. Torrent and A. Roy and M. Mikami and Ph. Ghosez and J.-Y. Raty and D.C. Allan},
  journal ={Comp. Mat. Science},
  volume={25},
  pages={478--492},
  year={2002},
  title={First-principles computation of material properties : the ABINIT software project}
}
@article{Gonze2005,
  author ={X. Gonze and G.-M. Rignanese and M. Verstraete and J.-M. Beuken and Y. Pouillon and R. Caracas and F. Jollet and M. Torrent and G. Zerah and M. Mikami and Ph. Ghosez and M. Veithen and J.-Y. Raty and V. Olevano and F. Bruneval and L. Reining and R. Godby and G. Onida and D.R. Hamann an D.C. Allan},
  journal ={Zeit. Kristallogr},
  volume={220},
  pages={558-562},
  year={2005},
  title={A brief introduction to the ABINIT software package}
}
@article{Gonze2009,
  author ={X. Gonze and B. Amadon and P.-M. Anglade and  J.-M. Beuken and F. Bottin and P. Boulanger and F. Bruneval and D. Caliste and R. Caracas and M. C\^{o}t\'{e} and T. Deutsch and L. Genovese and Ph. Ghosez and M. Giantomassi and S. Goedecker and D.R. Hamann and P. Hermet and F. Jollet and G. Jomard and S. Leroux and M. Mancini and S. Mazevet and M.J.T. Oliveira and G. Onida and Y. Pouillon and T. Rangel and G.-M. Rignanese and D. Sangalli and R. Shaltaf and M. Torrent and M.J. Verstraete and G. Zerah and J.W. Zwanziger},
  journal ={Comp. Phys. Comm.},
  volume={180},
  pages={2582-2615},
  year={2009},
  title={{ABINIT}: First-Principle approach to material and nanosystem properties}
}
@article{Gonze2011,
  author = {Gonze, X. and Boulanger, P. and C\^ot\'e, M.},
  title = {Theoretical approaches to the temperature and zero-point motion effects on the electronic band structure.},
  journal = {Annalen der Physik},
  year = {2011},
  volume = {523},
  pages = {168}
}
@article{Gonze2016,
  title = {Recent developments in the {ABINIT} software package},
  journal = {Computer Physics Communications},
  volume = {205},
  pages = {106},
  year = {2016},
  issn = {0010-4655},
  doi = {10.1016/j.cpc.2016.04.003},
  url = {http://www.sciencedirect.com/science/article/pii/S0010465516300923},
  author ={X. Gonze and F. Jollet and F. Abreu Araujo and D. Adams and B. Amadon and T. Applencourt and C. Audouze and J.-M. Beuken and J. Bieder and A. Bokhanchuk and E. Bousquet and F. Bruneval and D. Caliste and M. C\^ot\'e and F. Dahm and F. Da Pieve and M. Delaveau and M. Di Gennaro and B. Dorado and C. Espejo and G. Geneste and L. Genovese and A. Gerossier and M. Giantomassi and Y. Gillet and D.R. Hamann and L. He and G. Jomard and J. Laflamme Janssen and S. Le Roux and A. Levitt and A. Lherbier and F. Liu and I. Lukacevic 
and A. Martin and C. Martins and M.J.T. Oliveira and S. Ponc\'e and Y. Pouillon and T. Rangel and G.-M. Rignanese and A.H. Romero and B. Rousseau and O. Rubel and A.A. Shukri and M. Stankovski and M. Torrent and M.J. Van Setten and B. Van troeye and M.J. Verstraete and D. Waroquier and J. Wiktor and B. Xue and A. Zhou and J.W. Zwanziger}, 
  keywords ={First-principles calculation},
  keywords = {Electronic structure},
  keywords = {Density-Functional Theory},
  keywords ={Many-Body Perturbation Theory}
}
@article{Grimme2006,
  Author         = {S. Grimme},
  Title          = {Semiempirical {GGA}-Type Density Functional Constructed with a Long-Range Dispersion Correction},
  Journal        = {J. Comput. Chem.},
  Volume         = {27},
  Pages          = {1787},
  year           = {2006}
}
@article{Grimme2010,
  Author         = {S. Grimme and J. Anthony and S. Ehrlich and H. Krieg},
  Title          = {A consistent and accurate ab initio parametrization of density functional dispersion correction ({DFT}-{D})} for the 94 elements {H}-{P}u },
  Journal        = {J. Chem. Phys.},
  Volume         = {132},
  Pages          = {154104},
  year           = {2010}
}
@article{Grimme2010a,
  Author         = {S. Grimme and S. Ehrlich and L. Goerigk},
  Title          = {Effect of the Damping Function in Dispersion Corrected Density Functional Theory},
  Journal        = {J. Comput. Chem.},
  Volume         = {32},
  Pages          = {1456-1465},
  year           = {2011}
}
@book{Grimvall1981,
        AUTHOR = {Grimvall, G.},
        YEAR = {1981},
        TITLE = {The electron phonon interaction in metals},
        ADDRESS = {Amsterdam},
        PUBLISHER = {North-Holland}
}
@article{Gruning2009,
 author = {Grüning, Myrta and Marini, Andrea and Gonze, Xavier},
 issn = {1530-6984, 1530-6992},
 journal = {Nano Lett.},
 month = aug,
 number = {8},
 pages = {2820-2824},
 publisher = {American Chemical Society (ACS)},
 source = {Crossref},
 title = {Exciton-Plasmon States in Nanoscale Materials: {Breakdown} of the {Tamm−Dancoff} Approximation},
 url = {http://pubs.acs.org/doi/abs/10.1021/nl803717g},
 volume = {9},
 year = {2009},
}
@article{Gull2011,
  author = {Gull, E. and Millis, A.J. and Liechtenstein, A. I. and Rubtsov, A.N. and Troyer, M. and Werner, P.},
  title = {Continuous-time Monte Carlo methods for quantum impurity models},
  journal = {Rev. Mod. Phys.},
  year = {2011},
  volume = {83},
  pages = {349--404},
  number = {2},
  file = {:/media/disk_iomega/BIBLIO/Interaction/RevModPhys.83.349-1.pdf:PDF},
  keywords = {interaction CTQMC},
  owner = {amadonb},
  publisher = {American Physical Society},
  refid = {10.1103/RevModPhys.83.349},
  timestamp = {2012.06.22},
  doi = {10.1103/RevModPhys.83.349}
}
@article{Hamann1979,
  author = {Hamann, D.R. and Schl\"uter, M. and Chiang, C.},
  title = {Norm-Conserving Pseudopotentials},
  journal = {Phys. Rev. Lett.},
  year = {1979},
  volume = {43},
  pages = {1494--1497},
  doi = {10.1103/PhysRevLett.43.1494},
  numpages = {3},
  publisher = {American Physical Society}
}
@article{Hamann1989,
  title = {Generalized norm-conserving pseudopotentials},
  author = {Hamann, D. R.},
  journal = {Phys. Rev. B},
  volume = {40},
  issue = {5},
  pages = {2980--2987},
  numpages = {0},
  year = {1989},
  publisher = {American Physical Society},
  doi = {10.1103/PhysRevB.40.2980},
}
@article{Hamann2005,
  author={D. R. Hamann and X. Wu and K. M. Rabe and D. Vanderbilt},
  title={Metric tensor formulation of strain in density-functional perturbation theory},
  journal={Phys. Rev. B},
  volume={71},
  pages={035117},
  year={2005},
}

@article{Hamann2013,
  title = {Optimized norm-conserving Vanderbilt pseudopotentials},
  author = {Hamann, D. R.},
  journal = {Phys. Rev. B},
  volume = {88},
  issue = {8},
  pages = {085117},
  numpages = {10},
  year = {2013},
  publisher = {American Physical Society},
  doi = {10.1103/PhysRevB.88.085117},
}
@article{Harju2013,
  title={Computational Physics on Graphics Processing Units},
  author={Harju,A. and Siro,T. and Federici Canova,F. and Hakala,S. and Rantalaiho,T.},
  journal={Lecture Notes in Computer Science},
  volume={7782},
  number={},
  pages={3--26},
  year={2013},
}
@article{Harl2010,
  title = {Assessing the quality of the random phase approximation for lattice constants and atomization energies of solids},
  author = {Harl, J. and Schimka, L. and Kresse, G.},
  journal = {Phys. Rev. B},
  volume = {81},
  issue = {11},
  pages = {115126},
  numpages = {18},
  year = {2010},
  publisher = {American Physical Society},
  doi = {10.1103/PhysRevB.81.115126},
}
@article{Hartwigsen1998,
        title = {Relativistic separable dual-space {G}aussian pseudopotentials from {H} to {R}n},
        volume = {58},
        number = {7},
        journal = {Phys. Rev. B},
        author = {Hartwigsen, C. and Goedecker, S. and H\"utter, J.},
        year = {1998},
        pages = {3641--3662}
}
@article{Haydock1980,
title = {The recursive solution of the {S}chr\"{o}dinger equation},
journal = {Comp. Phys. Comm.},
volume = {20},
number = {1},
pages = {11 - 16},
year = {1980},
note = {},
issn = {0010-4655},
doi = {10.1016/0010-4655(80)90101-0},
url = {http://www.sciencedirect.com/science/article/pii/0010465580901010},
author = {Haydock, R.}
}
@article{He2014,
  Title = {Accuracy of generalized gradient approximation functionals for density-functional perturbation theory calculations},
  Author = {L. He and F. Liu and G. Hautier and M. J. T. Oliveira and M. A. L. Marques and F. D. Vila and J. J. Rehr and G.-M. Rignanese and A. Zhou},
  Journal = {Phys. Rev. B},
  Pages = {064305},
  doi = {10.1103/PhysRevB.89.064305},
  Volume = {89},
  Year = {2014}
}
@article{Hedin1965,
  title = {New Method for Calculating the One-Particle Green's Function with Application to the Electron-Gas Problem},
  author ={L. Hedin },
  journal ={Phys. Rev. A},
  volume={139},
  pages={796},
  year={1965}
}
@book{Hellwege1985,
	Author = {Hellwege,K.-H. and Olsen,J.L. (Eds.)},
	Date-Added = {2014-02-21 11:07:18 +0000},
	Date-Modified = {2014-03-04 10:21:33 +0000},
	Publisher = {Springer},
	Address   = {Berlin Heidelberg},
	Title = {Electrical Resistivity, Thermoelectrical Power and Optical Properties},
	Volume = {15b},
	Year = {1985}
}
@article{Henkelman2000,
  title={Improved tangent estimate in the nudged elastic band method for finding minimum energy paths and saddle points},
  author={Henkelman, G. and J{\'o}nsson, H.},
  journal={The Journal of chemical physics},
  volume={113},
  number={22},
  pages={9978--9985},
  year={2000},
  publisher={AIP Publishing}
}
@article{Hermet2009,
  title={Raman scattering intensities in BaTiO(3) and PbTiO(3) prototypical ferroelectrics from density functional theory.},
  author={Hermet, P. and Veithen, M. and Ghosez, P.},
  journal={J. Phys. : Condens. Matter},
  volume={21},
  number={},
  pages={215901},
  year={2009},
  doi = {10.1088/0953-8984/21/21/215901},
  publisher={}
}
@article{Hohenberg1964,
  title = {Inhomogeneous Electron Gas},
  author = {Hohenberg, P.  and Kohn, W. },
  journal = {Phys. Rev.},
  volume = {136},
  number = {3B},
  pages = {B864--B871},
  year = {1964},
  doi = {10.1103/PhysRev.136.B864},
  publisher = {American Physical Society}
}
@article{Holzwarth2001,
  Author         = {N.A.W. Holzwarth and A.R. Tackett and G.E. Matthews },
  Title          = {A Projector Augmented Wave ({PAW}) code for electronic structure calculations, Part {I}: {ATOMPAW} for generating atom-centered functions},
  Journal        = {Comp. Phys. Comm.},
  Volume         = {135},
  Pages          = {329},
  year           = {2001},
}
@article{Hughes1996,
  Title                    = {Calculation of second-order optical response in semiconductors},
  Author                   = {Hughes, J. L. P. and Sipe, J. E.},
  Journal                  = {Phys. Rev. B},
  Year                     = {1996},
  Pages                    = {10751--10763},
  Volume                   = {53},
  Doi                      = {10.1103/PhysRevB.53.10751},
  Issue                    = {16},
  Owner                    = {yannick},
  Publisher                = {American Physical Society},
  Timestamp                = {2015.11.12},
}
@article{Hybertsen1985,
 author = {Hybertsen, Mark S. and Louie, Steven G.},
 doi = {10.1103/physrevlett.55.1418},
 issn = {0031-9007},
 journal = {Phys. Rev. Lett.},
 month = sep,
 number = {13},
 pages = {1418-1421},
 publisher = {American Physical Society (APS)},
 source = {Crossref},
 title = {First-Principles Theory of Quasiparticles: {Calculation} of Band Gaps in Semiconductors and Insulators},
 url = {10.1103/physrevlett.55.1418},
 volume = {55},
 year = {1985},
}
@article{Hybertsen1986,
  author = {M. S. Hybertsen and S. G. Louie},
  title = {Electron correlation in semiconductors and insulators: Band gaps and quasiparticle energies},
  journal = {Phys. Rev. B},
  year = {1986},
  volume = {34},
  number = {},
  pages = {5390},
  doi = {10.1103/PhysRevB.34.5390},
}
@article{Janssen2015,
  author = {Laflamme Janssen, J. and Rousseau, B. and C{\^o}t{\'e}, M.},
  title = {Efficient dielectric matrix calculations using the {L}anczos algorithm for fast many-body {G}$_0${W}$_0$ implementations},
  journal = {Phys. Rev. B},
  year = {2015},
  volume = {91},
  number = {12},
  pages = {125120},
  doi = {10.1103/PhysRevB.91.125120},
}
@article{Jia2017,
  title={Assessment of First-Principles and Semiempirical Methodologies for Absorption and Emission Energies of Ce$^{3+}$-Doped Luminescent Materials},
  author={Yongchao Jia and Samuel Ponc\'e and Anna Miglio and Masayoshi Mikami and Xavier Gonze},
  journal={Adv. Optical Mater.},
  volume={5},
  pages={1600997},
  year={2017}
}
@article{Jollet2009,
  author ={F. Jollet and G. Jomard and B. Amadon and J.P. Crocombette and D. Torumba},
  journal ={Phys. Rev. B},
  volume={80},
  pages={235109},
  year={2009},
  title={Hybrid functional for correlated electrons in the projector augmented-wave formalism: Study of multiple minima for actinide oxides}
}
@article{Jollet2014,
  author ={F. Jollet and M. Torrent and N. Holzwarth},
  journal ={Comp. Phys. Comm.},
  volume={185},
  pages={1246-1254},
  year={2014},
  title={Generation of Projector Augmented-Wave atomic data: a 71 element validated table in the {XML} format}
}
@article{Kawasuso2005,
  title={Electron-positron momentum distributions associated with isolated silicon vacancies in 3 {C}-{S}i {C}},
  author={Kawasuso, A. and Yoshikawa, M. and Itoh, H. and Chiba, T. and Higuchi, T. and Betsuyaku, K. and Redmann, F. and Krause-Rehberg, R.},
  journal={Phys. Rev. B},
  volume={72},
  number={4},
  pages={045204},
  year={2005},
  publisher={APS}
}
@article{Kingsmith1993,
  title = {Theory of polarization of crystalline solids},
  author = {King-Smith, R. D. and Vanderbilt, D. },
  journal = {Phys. rev. B},
  volume = {47},
  number = {3},
  pages = {1651--1654},
  year = {1993},
}
@article{Kohn1965,
  title = {Self-Consistent Equations Including Exchange and Correlation Effects},
  author = {Kohn, W.  and Sham, L. J.},
  journal = {Phys. Rev.},
  volume = {140},
  number = {4A},
  pages = {A1133--A1138},
  year = {1965},
  doi = {10.1103/PhysRev.140.A1133},
  publisher = {American Physical Society}
}
@article{Kolos1960,
  title={Accurate Electronic Wave Functions for the H$_2$ Molecule},
  author={W. Kolos and C.C.J. Roothaan},
  journal={Rev. Mod. Phys.},
  volume={32},
  pages={219},
  year={1960}
}
@article{Kotliar2006,
  author = {Kotliar, G. and Savrasov, S. Y. and Haule, K. and Oudovenko, V. S. and Parcollet, O. and Marianetti, C. A.},
  title = {Electronic structure calculations with dynamical mean-field theory},
  journal = {Rev. Mod. Phys.},
  year = {2006},
  volume = {78},
  pages = {865--951},
  number = {3},
  file = {:/media/disk_iomega/BIBLIO/Review/RMP2006.pdf:PDF},
  owner = {amadonb},
  publisher = {American Physical Society},
  refid = {10.1103/RevModPhys.78.865},
  timestamp = {2012.07.13},
  doi = {10.1103/RevModPhys.78.865}
}
@article{Kresse1999,
  title = {From ultrasoft pseudopotentials to the projector augmented-wave method},
  author = {Kresse, G. and Joubert, D.},
  journal = {Phys. Rev. B},
  volume = {59},
  pages = {1758--1775},
  year = {1999},
  doi = {10.1103/PhysRevB.59.1758}
}
@article{Laflamme2016,
  journal = {Phys. Rev. B},
  Title = {Precise Effective Masses from Density Functional Perturbation Theory},
  author = {Laflamme Janssen, J. and Gillet, Y. and Ponc\'e, S. and Martin, A. and Torrent, M. and Gonze, X.},
  year = {2016},
  pages = {205147},
  volume = {93},
}
@article{Lebegue2003,
 author = {Lebègue, S. and Arnaud, B. and Alouani, M. and Bloechl, P. E.},
 doi = {10.1103/physrevb.67.155208},
 issn = {0163-1829, 1095-3795},
 journal = {Phys. Rev. B},
 month = apr,
 number = {15},
 publisher = {American Physical Society (APS)},
 source = {Crossref},
 title = {Implementation of an all-electron {GW} approximation based on the projector augmented wave method without plasmon pole approximation: {Application} to Si, {SiC,} {AlAs,} {InAs,} {NaH,} and {KH}},
 volume = {67},
 year = {2003},
}

@article{Lebegue2010,
  journal = {Phys. Rev. Lett.},
  Title    = {Cohesive Properties and Asymptotics of the Dispersion Interaction in Graphite by the Random Phase Approximation},
  author = {Leb\`egue, S. and Harl, J. and Gould, T. and \'Angy\'an, J. G. and Kresse, G. and Dobson, J. F.},
  year = {2010},
  pages = {196401},
  volume = {105},
}
@article{Lechermann2006,
  title={Dynamical mean-field theory using Wannier functions: A flexible route to electronic structure calculations of strongly correlated materials},
  author={F. Lechermann, A. Georges, A. Poteryaev, S. Biermann, M. Posternak, A. Yamasaki, and O. K. Andersen},
  journal={Phys. Rev. B},
  volume={74},
  pages={125120},
  year={2006}
}
@article{Lee1995,
  author={C. Lee and X. Gonze},
  title={Ab-initio calculation of the thermodynamic properties
    and atomic temperature factors of SiO$_2$ $\alpha$-quartz and stishovite},
  journal={Phys. Rev. B},
  volume={51},
  pages={8610},
  year={1995},
}
@article{Lejaeghere2014,
  Author         = {K. Lejaeghere and V. {V}an {S}peybroeck and G. {V}an {O}ost and S. Cottenier},
  Title          = {Error estimates for solid-state density-functional theory predictions: an overview by means of the ground-state elemental crystals},
  Journal        = {Crit. Rev. Solid State Mater. Sci.},
  Volume         = {39},
  Pages          = {1},
  year           = {2014}
}
@article{Levitt2015,
  title={Parallel eigensolvers in plane-wave Density Functional Theory},
  author={Levitt, A. and Torrent,M.},
  journal={Comp. Phys. Comm.},
  volume={187},
  number={},
  pages={98--105},
  year={2015},
}
@article{Liechtenstein1995,
  author = {Liechtenstein, A. I. and Anisimov, V. I. and Zaanen, J.},
  title = {Density-functional theory and strong interactions: Orbital ordering in Mott-Hubbard insulators},
  journal = {Phys. Rev. B},
  year = {1995},
  volume = {52},
  pages = {R5467--R5470},
  number = {8},
  file = {:/media/disk_iomega/BIBLIO/Interaction/PhysRevB.52.R5467.pdf:PDF},
  keywords = {interaction, LDA+U GGA+U DFT+U},
  owner = {amadonb},
  publisher = {American Physical Society},
  refid = {10.1103/PhysRevB.52.R5467},
  timestamp = {2012.06.14},
  doi = {10.1103/PhysRevB.52.R5467}
}
@article{Lindhard1954,
   author = {J. Lindhard},
   title = {On the properties of a gas of charged particles},
   journal = {Mat. Fys. Medd. Dan. Vid. Selsk.},
   year = {1954},
   volume = {28},
   pages  = {8}
}
@article{Luttinger1955,
  author = {Luttinger, J.M. and Kohn, W.},
  title = {{Motion of Electrons and Holes in Perturbed Periodic Fields}},
  journal = {Phys. Rev.},
  year = {1955},
  volume = {97},
  number = {4},
  pages = {869--883},
  doi = {10.1103/PhysRev.97.869},
}
@article{Ma2015,
  title = {Constrained density functional for noncollinear magnetism},
  author = {Ma, Pui-Wai and Dudarev, S. L.},
  journal = {Phys. Rev. B},
  volume = {91},
  issue = {5},
  pages = {054420},
  numpages = {11},
  year = {2015}
}
@article{Maintz2012,
  title={Speeding up plane-wave electronic-structure calculations using graphics-processing units},
  author={Maintz,S. and Eck,B. and Dronskowski,R.},
  journal={Comp. Phys. Comm.},
  volume={182},
  number={7},
  pages={1421--1427},
  year={2012},
}
@article{Marek2014,
  title={The {ELPA} library: scalable parallel eigenvalue solutions for electronic structure theory and computational science},
  author={Marek, A. and Blum, V. and Johanni, R. and Havu, V. and Lang, B. and Auckenthaler, T. and Heinecke, A. and Bungartz, H.-J. and Lederer, H.},
  journal={J. Phys.: Cond. Matt.},
  volume={26},
  number={21},
  pages={1--15},
  year={2014},
}
@article{Marques2012,
author = {Marques, M. A. L. and Oliveira, M. J. T. and Burnus, T.},
doi = {10.1016/j.cpc.2012.05.007},
issn = {00104655},
journal = {Comput. Phys. Commun.},
pages = {2272--2281},
title = {{Libxc: A library of exchange and correlation functionals for density functional theory}},
volume = {183},
year = {2012}
}
@article{Marx1996,
  Author         = {D. Marx  and M. Parrinello},
  Title          = {Ab initio path integral molecular dynamics: Basic ideas},
  Journal        = {J. Chem. Phys.},
  Volume         = {104},
  Pages          = {4077},
  year           = {1996}
}
@book{Mattuck1976,
title={A Guide to Feynman Diagrams in the Many-body Problem},
author={Mattuck, R.D.},
isbn={9780486670478},
lccn={92004895},
series={Dover Books on Physics Series},
url={http://books.google.co.uk/books?id=pe-v8zfxE68C},
year={1976},
publisher={Dover Publications, Incorporated}
}
@article{Mecholsky2014,
  author = {Mecholsky, N.A. and Resca, L. and Pegg, I.L. and Fornari, M.},
  title = {{Theory of band warping and its effects on thermoelectronic transport properties}},
  journal = {Phys. Rev. B},
  year = {2014},
  volume = {89},
  number = {15},
  pages = {155131},
  doi = {10.1103/PhysRevB.89.155131},
}
@article{Medeiros2014,
  Title                    = {Effects of extrinsic and intrinsic perturbations on the electronic structure of graphene: Retaining an effective primitive cell band structure by band unfolding},
  Author                   = {Medeiros, Paulo V. C. and Stafstr\"om, Sven and Bj\"ork, Jonas},
  Journal                  = {Phys. Rev. B},
  Year                     = {2014},
  Pages                    = {041407},
  Volume                   = {89}
}
@article{Methfessel1989,
  title={High-precision sampling for Brillouin-Zone integration in metals},
  author={M. Methfessel and T. Paxton},
  journal={Phys. Rev. B},
  volume={40},
  pages={3616},
  year={1989}
} 
@article{Mills1994,
  title={Quantum and thermal effects in H$_2$ dissociative adsorption: Evaluation of free energy barriers in multidimensional quantum systems},
  author={Mills, G. and J{\'o}nsson, H.},
  journal={Phys. Rev. Lett.},
  volume={72},
  number={7},
  pages={1124},
  year={1994},
  publisher={APS}
}
@article{Miyake2000,
 author = {Miyake, T. and Aryasetiawan, F.},
 doi = {10.1103/physrevb.61.7172},
 issn = {0163-1829, 1095-3795},
 journal = {Phys. Rev. B},
 month = mar,
 number = {11},
 pages = {7172-7175},
 publisher = {American Physical Society (APS)},
 source = {Crossref},
 title = {Efficient algorithm for calculating noninteracting frequency-dependent linear response functions},
 volume = {61},
 year = {2000},
}

@article{Momma2011,
  Title                    = {{VESTA}3 for three-dimensional visualization of crystal, volumetric and morphology data},
  Author                   = {Momma, K. and Izumi, F.},
  Journal                  = {J. Appl. Crystallogr.},
  Year                     = {2011},
  Number                   = {6},
  Pages                    = {1272--1276},
  Volume                   = {44}
}
@phdthesis{Moscaconte2007,
  author       = {Mosca Conte,A.}, 
 title={Quantum mechanical modeling of nano magnetism},
  school       = {SISSA},
  year         = {2007},
  address      = {Trieste Italy},
  optURI = {http://hdl.handle.net/20.500.11767/3935} 
}
@article{Nieminen1985,
  title = {Two-component density-functional theory: Application to positron states},
  author = {Nieminen, R. M. and Boro\'nski, E. and Lantto, L. J.},
  journal = {Phys. Rev. B},
  volume = {32},
  issue = {2},
  pages = {1377},
  year = {1985},
  doi = {10.1103/PhysRevB.32.1377},
  publisher = {American Physical Society}
}
@article{Nunes2001,
  title = {Berry-phase treatment of the homogeneous electric field perturbation in insulators},
  author = {Nunes, R. W. and Gonze, X. },
  journal = {Phys. Rev. B},
  volume = {63},
  number = {15},
  pages = {155107},
  year = {2001},
}
@article{Ong2013,
title = {Python Materials Genomics (pymatgen): A robust, open-source python library for materials analysis},
journal = {Comp. Mat. Sci. },
volume = {68},
number = {0},
pages = {314 - 319},
year = {2013},
note = {},
issn = {0927-0256},
doi = {10.1016/j.commatsci.2012.10.028},
url = {http://www.sciencedirect.com/science/article/pii/S0927025612006295},
author = {Ong, S.P. and Richards, W.D. and Jain, A. and Hautier, G. and Kocher, M. 
and Cholia, S. and Gunter, D. and Chevrier, V.L. and Persson, K.A. and Ceder, G.},
keywords = {Materials},
keywords = {Project},
keywords = {Design},
keywords = {Thermodynamics},
keywords = {High-throughput }
}
@article{Onida2002,
  author = {Onida, G. and Reining, L. and Rubio, A.},
  title = {Electronic excitations: density-functional versus many-body Green's-function approaches},
  journal = {Rev. Mod. Phys.},
  year = {2002},
  volume = {74},
  pages = {601--659},
  doi = {10.1103/RevModPhys.74.601},
  numpages = {58},
  publisher = {American Physical Society},
}
@article{Payne1992,
  title = {Iterative minimization techniques for \textit{ab initio}   total-energy calculations: molecular dynamics and conjugate gradients},
  author = {Payne, M. C. and Teter, M. P. and Allan, D. C. and Arias, T. A. and Joannopoulos, J. D.},
  journal = {Rev. Mod. Phys.},
  volume = {64},
  issue = {4},
  pages = {1045--1097},
  numpages = {0},
  year = {1992},
  publisher = {American Physical Society},
  doi = {10.1103/RevModPhys.64.1045}
}
@article{Perdew1981,
  title={Self-interaction correction to density-functional approximations for many-electron systems},
  author={J.P. Perdew and A. Zunger},
  journal={Phys. Rev. B},
  volume={23},
  pages={5048},
  year={1981}
}
@article{Perrot1979,
  title={Gradient correction to the statistical electronic free energy at non-zero temperatures: Application to equation-of-state calculations},
  author={F. Perrot},
  journal={Phys. Rev. A},
  volume={20},
  pages={586-594},
  year={1979}
}
@article{Petrilli1998,
  title = {Electric-field-gradient calculations using the projector augmented wave method},
  author = {Petrilli, Helena M. and Bl\"ochl, Peter E. and Blaha, Peter and Schwarz, Karlheinz},
  journal = {Phys. Rev. B},
  volume = {57},
  issue = {23},
  pages = {14690--14697},
  numpages = {0},
  year = {1998},
  month = {Jun},
  publisher = {American Physical Society},
  doi = {10.1103/PhysRevB.57.14690},
  url = {https://link.aps.org/doi/10.1103/PhysRevB.57.14690}
}
@article{Pickard2001,
  title = {All-electron magnetic response with pseudopotentials: NMR chemical shifts},
  author = {Pickard, Chris J. and Mauri, Francesco},
  journal = {Phys. Rev. B},
  volume = {63},
  issue = {24},
  pages = {245101},
  numpages = {13},
  year = {2001},
  month = {May},
  publisher = {American Physical Society},
  doi = {10.1103/PhysRevB.63.245101},
  url = {https://link.aps.org/doi/10.1103/PhysRevB.63.245101}
}
@article{Pickett1988,
  title={Smooth Fourier interpolation of periodic functions},
  author={Warren E. Pickett, Henry Krakauer, and Philip B. Allen},
  journal={Phys. Rev. B},
  volume={38},
  pages={2721},
  year={1988}
}
@article{Ponce2014,
  author = {S. Ponc\'e and G. Antonius and P. Boulanger and E. Cannuccia and A. Marini and M. C\^ot\'e and X. Gonze},
  title = {Verification of first-principles codes: Comparison of total energies, phonon frequencies, electron--phonon coupling and zero-point motion correction to the gap between {ABINIT} 
    and {QE}/{Y}ambo},
  journal = {Comp. Mat. Sci.},
  year = {2014},
  volume = {83},
  pages = {341 - 348}
}
@article{Ponce2014a,
  author = {Ponc\'e, S. and Antonius, G. and Gillet, Y. and Boulanger, P. and Laflamme Janssen, J. and Marini, A. and C\^ot\'e, M. and Gonze, X.},
  title = {Temperature dependence of electronic eigenenergies in the adiabatic harmonic approximation},
  journal = {Phys. Rev. B},
  year = {2014},
  volume = {90},
  pages = {214304}
}
@article{Ponce2015,
  author = {Ponc\'e, S. and Gillet, Y. and Laflamme Janssen, J. and Marini, A. and Verstraete, M. and Gonze, X.},
  title = {Temperature dependence of the electronic structure of semiconductors	and insulators},
  journal = {J. Chem. Phys.},
  year = {2015},
  volume = {143},
  pages = {102813}
}
@article{Popescu2010,
  Title                    = {Effective Band Structure of Random Alloys},
  Author                   = {Popescu, V. and Zunger, A.},
  Journal                  = {Phys. Rev. Lett.},
  Year                     = {2010},
  Pages                    = {236403},
  Volume                   = {104}
}
@article{Popescu2012,
  Title                    = {Extracting E versus k effective band structure from supercell calculations on alloys and impurities},
  Author                   = {Popescu, V. and Zunger, A.},
  Journal                  = {Phys. Rev. B},
  Year                     = {2012},
  Pages                    = {085201},
  Volume                   = {85}
}
@article{Pouillon2011,
  Author         = {Y. Pouillon and J. -M. Beuken  and T. Deutsch and M. Torrent and X. Gonze},
  Title          = {Organizing software growth and distributed development: the case of {ABINIT}},
  Journal        = {Comput. Sci. Eng.},
  Volume         = {13},
  Pages          = {62},
  year           = {2011}
}
@article{Profeta2003,
  title = {Accurate First Principles Prediction of 17 O NMR Parameters in SiO2: Assignment of the Zeolite Ferrierite Spectrum},
  author = {M. Profeta and F. Mauri and C. J. Pickard},
  journal = {J. Am. Chem. Soc.},
  volume = {125},
  issue = {},
  pages = {541},
  year = {2003},
  doi = {10.1021/ja027124r},
  publisher = {}
}
@article{Puska1994,
  title = {Theory of positrons in solids and on solid surfaces},
  author = {Puska, M. J. and Nieminen, R. M.},
  journal = {Rev. Mod. Phys.},
  volume = {66},
  issue = {3},
  pages = {841},
  year = {1994},
  doi = {10.1103/RevModPhys.66.841},
  publisher = {American Physical Society}
}
@article{Puska1995,
  title = {Electron-positron {C}ar-{P}arrinello methods: {S}elf-consistent treatment of charge densities and ionic relaxations},
  author = {Puska, M. J. and Seitsonen, A. P. and Nieminen, R. M.},
  journal = {Phys. Rev. B},
  volume = {52},
  issue = {15},
  pages = {10947},
  year = {1995},
  doi = {10.1103/PhysRevB.52.10947},
  publisher = {American Physical Society}
}

@article{Rangel2016,
        title = {A wavelet-based Projector Augmented-Wave ({PAW}) method: {R}eaching frozen-core all-electron precision with a systematic, adaptive and localized wavelet basis set},
        volume = {208},
        number = {},
        journal = {Computer Physics Communication},
        author = {Rangel, T. and Caliste, D. and Genovese, L. and Torrent,M.},
        year = {2016},
        pages = {1-8}
}
@article{Rappe1990,
  title = {Optimized pseudopotentials},
  author = {Rappe, A.M. and Rabe, K.M. and Kaxiras, E.S. and Joannopoulos, J.D.},
  journal = {Phys. Rev. B},
  volume = {41},
  issue = {2},
  pages = {1227--1230},
  numpages = {0},
  year = {1990},
  publisher = {American Physical Society},
  doi = {10.1103/PhysRevB.41.1227},
}
@article{Rauch2011,
  title={Identifying vacancy complexes in compound semiconductors with positron annihilation spectroscopy: A case study of {I}n{N}},
  author={Rauch, C. and Makkonen, I. and Tuomisto, F.},
  journal={Phys. Rev. B},
  volume={84},
  number={12},
  pages={125201},
  year={2011},
  publisher={APS}
}
@article{Resta1994,
  title = {Macroscopic polarization in crystalline dielectrics: the geometric phase approach},
  author = {Resta, R. },
  journal = {Rev. Mod. Phys.},
  volume = {66},
  pages = {899--915},
  year = {1994},
}
@article{Restrepo2009,
   author = {Restrepo, O. D. and Varga, K. and Pantelides, S. T.},
   title = {First-principles calculations of electron mobilities in silicon: Phonon and Coulomb scattering},
   journal = {App. Phys. Lett.},
   year = {2009},
   volume = {94},
   number = {21}, 
   eid = {212103},
   pages = {},
   url = {http://scitation.aip.org/content/aip/journal/apl/94/21/10.1063/1.3147189},
   doi = {10.1063/1.3147189} 
}
@article{Rieger1999,
  author = {Rieger, M. and Steinbeck, L. and White, I. D. and Rojas, H. N. and Godby, R. W.},
  title = {The {GW} space-time method for the self-energy of large systems},
  journal = {Comp. Phys. Comm.},
  year = {1999},
  volume = {117},
  number = {3},
  pages = {211--228},
  doi = {10.1016/S0010-4655(98)00174-X},
}
@article{Rohlfing2000,
  Title                    = {Electron-hole excitations and optical spectra from first principles},
  Author                   = {Rohlfing, M. and Louie, S.G.},
  Journal                  = {Phys. Rev. B},
  Year                     = {2000},
  Pages                    = {4927--4944},
  Volume                   = {62},
  Doi                      = {10.1103/PhysRevB.62.4927},
  File                     = {Rohlfing2000.pdf:Rohlfing2000.pdf:PDF;Rohlfing2000.pdf:Rohlfing2000.pdf:PDF},
  Issue                    = {8},
  Publisher                = {American Physical Society},
}
@article{Romanperez2009,
  title = {Efficient Implementation of a {V}an der {W}aals Density Functional: Application to Double-Wall Carbon Nanotubes},
  author = {Rom\'an-P\'erez, G. and Soler, J.M.},
  journal = {Phys. Rev. Lett.},
  volume = {103},
  pages = {096102},
  year = {2009},
  doi = {10.1103/PhysRevLett.103.096102}
}
@mastersthesis{Rostgaard2006,
  Author         = {C. Rostgaard},
  Title          = {Exact exchange in density functional calculations},
  School         = {Technical University of Denmark},
  Address        = {Lyngby},
  year           = {2006},
  url            = {https://wiki.fysik.dtu.dk/gpaw/_downloads/rostgaard_master.pdf}
}
@article{Rubel2014,
  Title                    = {Unfolding the band structure of disordered solids: from bound states to high-mobility Kane fermions},
  Author                   = {Rubel, O. and Bokhanchuk, A. and Ahmed, S. J. and Assmann, E.},
  Journal                  = {Phys. Rev. B},
  Year                     = {2014},
  Pages                    = {115202},
  Volume                   = {90}
}
@article{Rutishauser1970,
  title={Simultaneous iteration method for symmetric matrices},
  author={Rutishauser, H.},
  journal={Numerische Mathematik},
  volume={16},
  number={3},
  pages={205--223},
  year={1970},
  publisher={Springer}
}
@article{Sakuma2013,
  author = {Sakuma, R. and Aryasetiawan, F.},
  title = {First-principles calculations of dynamical screened interactions for the transition metal oxides {MO} ({M}={M}n, {F}e, {C}o, {N}i)},
  journal = {Phys. Rev. B},
  year = {2013},
  volume = {87},
  pages = {165118},
  number = {16},
  doi = {10.1103/PhysRevB.87.165118}
}
@article{Savin1992,
author = {Savin, A. and Jepsen, O. and Flad, J. and Andersen, O. K. and Preuss, H. and von Schnering, H. G.},
title = {Electron Localization in Solid-State Structures of the Elements: the Diamond Structure},
journal = {Angewandte Chemie International Edition in English},
volume = {31},
number = {2},
doi = {10.1002/anie.199201871},
pages = {187--188},
year = {1992},
}
@article{Savrasov1996,
        PAGES = {16487},
        YEAR = {1996},
        TITLE = {Electron-phonon interactions and related physical properties of metals from linear-response theory},
        VOLUME = {54},
        JOURNAL = {Phys. Rev. B},
        AUTHOR = {Savrasov, S.Y. and Savrasov, D.Y.}
}
@article{Sharma2003,
  Title                    = {Linear and second-order optical response of {III}-{V} monolayer superlattices},
  Author                   = {Sharma, S. and Dewhurst, J. K. and Ambrosch-Draxl, C.},
  Journal                  = {Phys. Rev. B},
  Year                     = {2003},
  Pages                    = {165332},
  Volume                   = {67},
  Doi                      = {10.1103/PhysRevB.67.165332},
}
@article{Sharma2004,
  Title                    = {{S}econd-{H}armonic Optical Response from First Principles},
  Author                   = {Sharma, S. and {A}mbrosch-{D}raxl, C.},
  Journal                  = {Phys. Scripta},
  Year                     = {2004},
  Pages                    = {128},
  Volume                   = {2004},
  Url                      = {http://iopscience.iop.org/article/10.1238/Physica.Topical.109a00128}
}

@article{Shih2012,
  author = {Shih, B.-C. and Zhang, Y. and Zhang, W. and Zhang, P.},
  title = {Screened Coulomb interaction of localized electrons in solids from first principles},
  journal = {Phys. Rev. B},
  year = {2012},
  volume = {85},
  pages = {045132},
  doi = {10.1103/PhysRevB.85.045132}
}
@article{Shishkin2006,
 author = {Shishkin, M. and Kresse, G.},
 doi = {10.1103/physrevb.74.035101},
 issn = {1098-0121, 1550-235X},
 journal = {Phys. Rev. B},
 month = jul,
 number = {3},
 publisher = {American Physical Society (APS)},
 source = {Crossref},
 title = {Implementation and performance of the frequency-{dependentGWmethod} within the {PAW} framework},
 volume = {74},
 year = {2006},
}

@article{Silvestrelli2008,
author = {Silvestrelli, P. L.},
journal = {Phys. Rev. Lett.},
number = {},
pages = {053002},
title = {van der {W}aals Interactions in {DFT} Made Easy by {W}annier Functions},
volume = {100},
year = {2008}
}
@article{Silvestrelli2009,
author = {Silvestrelli, P. L.},
journal = {J. Phys. Chem. A},
number = {},
pages = {5224},
title = {van der {W}aals Interactions in Density Functional Theory Using {W}annier Functions},
volume = {113},
year = {2009}
}
@article{Silvestrelli2013,
author = {Silvestrelli, P. L.},
journal = {J. Chem. Phys.},
number = {},
pages = {054106},
title = {van der {W}aals interactions in density functional theory by combining the quantum harmonic oscillator-model with localized {W}annier functions},
volume = {139},
year = {2013}
}
@article{Sipe1993,
  Title                    = {Nonlinear optical response of semiconductors in the independent-particle approximation},
  Author                   = {Sipe, J. E. and Ghahramani, E.},
  Journal                  = {Phys. Rev. B},
  Year                     = {1993},
  Pages                    = {11705--11722},
  Volume                   = {48},
  Doi                      = {10.1103/PhysRevB.48.11705},
  Issue                    = {16},
  Url                      = {http://link.aps.org/doi/10.1103/PhysRevB.48.11705}
}
@article{Snyder2008,
author = {Snyder, G. J. and Toberer, E. S.},
journal = {Nature Materials},
number = {2},
pages = {105--114},
title = {Complex thermoelectric materials},
volume = {7},
year = {2008}
}
@article{Souza2002,
  title = {First-Principles Approach to Insulators in Finite Electric Fields},
  author = {Souza, I.  and \'I\~niguez, J.  and Vanderbilt, D. },
  journal = {Phys. Rev. Lett.},
  volume = {89},
  pages = {117602},
  year = {2002},
}
@article{Sterne1991,
  title={First-principles calculation of positron lifetimes in solids},
  author={Sterne, P.A. and Kaiser, J.H.},
  journal={Phys. Rev. B},
  volume={43},
  number={17},
  pages={13892},
  year={1991},
  publisher={APS}
}
@article{Torrent2008,
  title = {Implementation of the projector augmented-wave method in the {ABINIT} code: Application to the study of iron under pressure},
  journal = {Computational Materials Science},
  volume = {42},
  number = {2},
  pages = {337 - 351},
  year = {2008},
  note = {},
  issn = {0927-0256},
  doi = {10.1016/j.commatsci.2007.07.020},
  url = {http://www.sciencedirect.com/science/article/pii/S0927025607002108},
  author = {Marc Torrent and Fran\c{c}ois Jollet and Fran\c{c}ois Bottin and Gilles Z\'erah and Xavier Gonze},
  keywords = {Density functional theory},
  keywords = {\{PAW\}},
  keywords = {Electronic structure},
  keywords = {Iron under pressure}
}
@article{Tran2009,
title = {Accurate Band Gaps of Semiconductors and Insulators with a Semilocal Exchange-Correlation Potential},
author = {Tran, F. and Blaha, P.},
journal = {Phys. Rev. Lett.},
volume = {102},
issue = {22},
pages = {226401},
numpages = {4},
year = {2009},
publisher = {American Physical Society},
doi = {10.1103/PhysRevLett.102.226401},
url = {http://link.aps.org/doi/10.1103/PhysRevLett.102.226401}
}
@misc{Tremblay2017,
  title = {Probl\`eme \`a N-corps},
  author = {Andr\'e-Marie Tremblay},
  note = {Notes de cours},
  howpublished = {available <a href="https://www.physique.usherbrooke.ca/pages/en/node/3436">here</a>},
  url= {https://www.physique.usherbrooke.ca/pages/en/node/3436},
  year={2017}
}
@article{Troullier1991,
	Author = {Troullier,N. and Martins,J.L.},
	Journal = {Phys. Rev. B},
	Pages = {1993},
	Title = {Efficient pseudopotentials for plane-wave calculation},
	Volume = {43},
	Year = {1991}
}
@article{Tuckerman1996,
  Author         = {M. E. Tuckerman and D. Marx and M. L. Klein and M. Parrinello},
  Title          = {Efficient and general algorithms for path integral {C}ar--{P}arrinello molecular dynamics},
  Journal        = {J. Chem. Phys.},
  Volume         = {104},
  Pages          = {5579},
  year           = {1996}
}
@article{Tuomisto2013,
  title = {Defect identification in semiconductors with positron annihilation: Experiment and theory},
  author = {Tuomisto, F. and Makkonen, I.},
  journal = {Rev. Mod. Phys.},
  volume = {85},
  issue = {4},
  pages = {1583},
  numpages = {0},
  year = {2013},
  publisher = {American Physical Society},
  doi = {10.1103/RevModPhys.85.1583} 
}
@article{Uehara2000,
  title={Calculations of transport properties with the linearized augmented plane-wave method},
  author={Kentaro Uehara and John S. Tse},
  journal={Phys. Rev. B},
  volume={61},
  pages={1639},
  year={2000}
}
@article{Vanderbilt1998,
  author={D. Vanderbilt and R. D. {K}ing-{S}mith},
  title={Electronic polarization in the ultrasoft pseudopotential formalism},
  journal = {arXiv/cond-mat},
  eprint = {9801177},
  url={https://arxiv.org/abs/cond-mat/9801177},
  year={1998}
}
@article{Vantroeye2016,
  author={B. Van Troeye and M. Torrent and X. Gonze},
  title={Interatomic force constants including the DFT-D dispersion contribution},
  journal={Phys. Rev. B},
  volume={93},
  pages={144304},
  year={2016}
} 
@article{Vasiliev1998,
  title = {Ab initio Excitation Spectra and Collective Electronic Response in Atoms and Clusters},
  author = {I. Vasiliev and S. Ogut and J. R. Chelikowsky},
  journal = {Phys. Rev. Lett.},
  volume = {82},
  pages = {1919},
  year = {1999},
  doi = {10.1103/PhysRevLett.82.1919}
}
@article{Vaugier2012,
  title={Hubbard {U} and Hund exchange {J} in transition metal oxides: Screening versus localization trends from constrained random phase approximation},
  author={L. Vaugier and H. Jiang and S. Biermann},
  journal={Phys. Rev. B},
  volume={86},
  pages={165105},
  year={2012}
}
@article{Veithen2002,
        Author = {Veithen, M. and Gonze, X. and Ghosez, Ph.},
        Journal = {Physical Review B - Condensed Matter and Materials Physics},
        Pages = {235113:1-10},
        Title = {Electron localization: Band-by-band decomposition and application to oxides},
        Volume = {66},
        Year = {2002}
}

@article{Veithen2005,
  author={M. Veithen and X. Gonze and Ph. Ghosez},
  title={Nonlinear optical susceptibilities, Raman efficiencies, and electrooptic tensors from first--principles density functional theory},
  journal={Phys. Rev. B},
  volume={71},
  pages={125107},
  year={2005},
  doi = {10.1103/PhysRevB.71.125107}
}
@article{Veithen2005a,
  author={M. Veithen and  Ph. Ghosez},
  title={Temperature dependence of the electro-optic tensor and refractive indices of Ba Ti O 3 from first principles},
  journal={Phys. Rev. B},
  volume={71},
  pages={132101},
  year={2005},
  doi = {10.1103/PhysRevB.71.132101}
}
@article{Wang1998,
  Title                    = {Majority Representation of Alloy Electronic States},
  Author                   = {Wang, L.-W. and Bellaiche, L. and Wei, S.-H. and Zunger, A.},
  Journal                  = {Phys. Rev. Lett.},
  Year                     = {1998},
  Pages                    = {4725},
  Volume                   = {80}
}
@article{Wang2013,
  Title                    = {The Criteria for Beneficial Disorder in Thermoelectric Solid Solutions},
  Author                   = {Wang, H. and LaLonde, A. D. and Pei, Y. and Snyder, G. J.},
  Journal                  = {Adv. Funct. Mater.},
  Year                     = {2013},
  Number                   = {12},
  Pages                    = {1586--1596},
  Volume                   = {23}
}
@article{Waroquiers2013,
   author = {Waroquiers, D. and Lherbier, A. and Miglio, A. and Stankovski, M. and Ponc\'e, S. and Oliveira, M.J.T. and Giantomassi, M. and Rignanese, G.-M. and Gonze, X.},
    title = {Band widths and gaps from the {T}ran-{B}laha functional: Comparison with many-body perturbation theory},
  journal = {Phys. Rev. B},
     year = {2013},
   volume = {87},
    pages = {075121},
      doi = {}
}
@article{Weinan2007,
  title={Simplified and improved string method for computing the minimum energy paths in barrier-crossing events},
  author={Weinan, E. and Ren, W. and Vanden-Eijnden, E.},
  journal={The Journal of Chemical Physics},
  volume={126},
  number={16},
  pages={164103},
  year={2007},
  publisher={AIP Publishing}
}
@article{Werner2006,
  author = {Werner, P. and Comanac, A. and de Medici, L. and Troyer, M. and Millis, A.J.},
  title = {Continuous-Time Solver for Quantum Impurity Models},
  journal = {Phys. Rev. Lett.},
  year = {2006},
  volume = {97},
  pages = {076405},
  number = {7},
  owner = {amadonb},
  publisher = {American Physical Society},
  refid = {10.1103/PhysRevLett.97.076405},
  timestamp = {2013.05.22},
  doi = {10.1103/PhysRevLett.97.076405}
}
@article{Wiktor2013,
  title = {Electronic structure investigation of energetics and positron lifetimes of fully relaxed monovacancies with various charge states in 3{C}-{S}i{C} and 6{H}-{S}i{C}},
  author = {Wiktor, J. and Jomard, G. and Torrent, M. and Bertolus, M.},
  journal = {Phys. Rev. B},
  volume = {87},
  pages = {235207},
  numpages = {12},
  year = {2013},
  doi = {10.1103/PhysRevB.87.235207},
  publisher = {American Physical Society}
}
@article{Wiktor2014,
  title={Positron annihilation spectroscopy investigation of vacancy clusters in silicon carbide: Combining experiments and electronic structure calculations},
  author={Wiktor, J. and Kerbiriou, X. and Jomard, G. and Esnouf, S. and Barthe, M.-F. and Bertolus, M.},
  journal={Phys. Rev. B},
  volume={89},
  number={15},
  pages={155203},
  year={2014},
  publisher={APS}
}
@article{Wiktor2014a,
  title={Coupled experimental and {DFT}+{U} investigation of positron lifetimes in {U}{O}$_2$},
  author={Wiktor, J. and Barthe, M.-F. and Jomard, G. and Torrent, M. and Freyss, M. and Bertolus, M.},
  journal={Phys. Rev. B},
  volume={90},
  number={18},
  pages={184101},
  year={2014},
  publisher={APS}
}
@article{Wiktor2014b,
  title={Electronic structure calculations of positron lifetimes in {S}i{C}: Self-consistent schemes and relaxation effect},
  author={Wiktor, J. and Jomard, G. and Bertolus, M.},
  journal={Nucl. Instrum. Meth.},
  volume={327},
  pages={63},
  year={2014},
  doi = {10.1016/j.nimb.2013.09.050},
  publisher={Elsevier}
}
@article{Wiktor2015,
  title = {Two-component density functional theory within the projector augmented-wave approach: Accurate and self-consistent computations of positron lifetimes and momentum distributions},
  author = {Wiktor, J. and Jomard, G. and Torrent, M.},
  journal = {Phys. Rev. B},
  volume = {92},
  issue = {12},
  pages = {125113},
  numpages = {15},
  year = {2015},
  month = {Sep},
  publisher = {American Physical Society},
  doi = {10.1103/PhysRevB.92.125113},
  url = {http://link.aps.org/doi/10.1103/PhysRevB.92.125113}
}
@article{Wiser1963,
 author = {Wiser, Nathan},
 doi = {10.1103/physrev.129.62},
 issn = {0031-899X},
 journal = {Phys. Rev.},
 month = jan,
 number = {1},
 pages = {62-69},
 publisher = {American Physical Society (APS)},
 source = {Crossref},
 title = {Dielectric Constant with Local Field Effects Included},
 volume = {129},
 year = {1963},
}
@article{Xu2014,
	Author = {Xu, B. and Verstraete, M. J.},
	Doi = {10.1103/PhysRevLett.112.196603},
	Issue = {19},
	Journal = {Phys. Rev. Lett.},
	Numpages = {5},
	Pages = {196603},
	Publisher = {American Physical Society},
	Title = {First Principles Explanation of the Positive Seebeck Coefficient of {L}ithium},
	Volume = {112},
	Year = {2014}
	}
@article{Zhou2006,
  title = {Parallel self-consistent-field calculations via Chebyshev-filtered subspace acceleration},
  author = {Zhou, Y. and Saad, Y. and Tiago, M.L. and Chelikowsky, J.R.},
  journal = {Phys. Rev. E},
  volume = {74},
  issue = {6},
  pages = {066704},
  numpages = {8},
  year = {2006},
  publisher = {American Physical Society},
  doi = {10.1103/PhysRevE.74.066704},
  url = {http://link.aps.org/doi/10.1103/PhysRevE.74.066704}
}
@article{Zhou2006a,
  title={Self-consistent-field calculations using Chebyshev-filtered subspace iteration},
  author={Zhou, Y. and Saad, Y. and Tiago, M.L and Chelikowsky, J. R.},
  journal={J. Comp. Phys.},
  volume={219},
  number={1},
  pages={172--184},
  year={2006},
  publisher={Elsevier}
}
@book{Ziman1960,
  title = {Electrons and phonons},
  publisher = {Oxford University Press},
  year = {1960},
  author = {Ziman, J. M.}
}
@article{Zwanziger2008,
author={Zwanziger, J. W. and Torrent, M.},
title={First-Principles Calculation of Electric Field Gradients in Metals, Semiconductors, and Insulators},
journal={Applied Magnetic Resonance},
year={2008},
volume={33},
number={4},
pages={447--456},
issn={1613-7507},
doi={10.1007/s00723-008-0080-1},
url={10.1007/s00723-008-0080-1}
}
@article{Zwanziger2009,
  author={J. W. Zwanziger},
  title={Computation of M\"ossbauer isomer shifts from first principles},
  journal={Journal of Physics: Condensed Matter},
  volume={21},
  pages={195501},
  doi={10.1088/0953-8984/21/19/195501},
  year={2009}
}
@article{Zwanziger2009a,
  title = {First-principles study of the nuclear quadrupole resonance parameters and orbital ordering in {LaTiO}$_3$},
  author = {Zwanziger, J. W.},
  journal = {Phys. Rev. B},
  volume = {79},
  issue = {3},
  pages = {033112},
  numpages = {4},
  year = {2009},
  month = {Jan},
  publisher = {American Physical Society},
  doi = {10.1103/PhysRevB.79.033112},
  url = {https://link.aps.org/doi/10.1103/PhysRevB.79.033112}
}

@article{Zwanziger2012,
  title={Finite homogeneous electric fields in the projector augmented wave formalism: Applications to linear and nonlinear response},
  author={Zwanziger, J.W. and Galbraith, J. and Kipouros, Y. and Torrent, M. and Giantomassi, M. and Gonze, X.},
  journal={Comput. Mater. Sci.},
  volume={58},
  pages={113--118},
  year={2012}
}
