%comment{This file was created with betterbib v3.3.0.}



@article{Allen1983,
 author = {Allen, P. B. and Cardona, M.},
 doi = {10.1103/physrevb.27.4760},
 issn = {0163-1829},
 journal = {Phys. Rev. B},
 month = apr,
 number = {8},
 pages = {4760-4769},
 publisher = {American Physical Society (APS)},
 source = {Crossref},
 title = {Temperature dependence of the direct gap of Si and Ge},
 url = {https://doi.org/10.1103/physrevb.27.4760},
 volume = {27},
 year = {1983},
}

@incollection{Allen1996,
 author = {Allen, Philip B.},
 booktitle = {Quantum Theory of Real Materials},
 issn = {0893-3405},
 pages = {219-250},
 publisher = {Springer US},
 editors = {Chelikowski, J.R. and Louie, S.G.},
 source = {Crossref},
 title = {Boltzmann Theory and Resistivity of Metals},
 url = {http://www.springer.com/la/book/9780792396666},
 year = {1996},
}

@article{Allen2013,
 author = {Allen, P. B. and Berlijn, T. and Casavant, D. A. and Soler, J. M.},
 doi = {10.1103/physrevb.87.085322},
 issn = {1098-0121, 1550-235X},
 journal = {Phys. Rev. B},
 month = feb,
 number = {8},
 pages = {085322},
 publisher = {American Physical Society (APS)},
 source = {Crossref},
 title = {Recovering hidden Bloch character: {Unfolding} electrons, phonons, and slabs},
 url = {https://doi.org/10.1103/physrevb.87.085322},
 volume = {87},
 year = {2013},
}

@book{Abrikosov1975,
 author = {Abrikosov, A.A. and Gorkov, L.P. and Dzyaloshinskii, E.},
 title = {Methods of quantum field theory in statistical physics},
 journal = {Dover, New-York},
 year = {1975},
 volume = {},
 pages = {},
 doi = {},
 numpages = {},
 publisher = {Dover, New-York},
}

@article{Allen1981,
 author = {Allen, P. B. and Cardona, M.},
 doi = {10.1103/physrevb.23.1495},
 issn = {0163-1829},
 journal = {Phys. Rev. B},
 month = feb,
 number = {4},
 pages = {1495-1505},
 publisher = {American Physical Society (APS)},
 source = {Crossref},
 title = {Theory of the temperature dependence of the direct gap of germanium},
 url = {https://doi.org/10.1103/physrevb.23.1495},
 volume = {23},
 year = {1981},
}

@article{Allen1976,
 author = {Allen, P B and Heine, V},
 doi = {10.1088/0022-3719/9/12/013},
 issn = {0022-3719},
 journal = {J. Phys. C: Solid State Phys.},
 month = jun,
 number = {12},
 pages = {2305-2312},
 publisher = {IOP Publishing},
 source = {Crossref},
 title = {Theory of the temperature dependence of electronic band structures},
 url = {https://doi.org/10.1088/0022-3719/9/12/013},
 volume = {9},
 year = {1976},
}

@article{Amadon2006,
 author = {Amadon, B. and Biermann, S. and Georges, A. and Aryasetiawan, F.},
 doi = {10.1103/physrevlett.96.066402},
 issn = {0031-9007, 1079-7114},
 journal = {Phys. Rev. Lett.},
 month = feb,
 number = {6},
 pages = {066402},
 publisher = {American Physical Society (APS)},
 source = {Crossref},
 title = {{Theα−γTransition} of Cerium Is Entropy Driven},
 url = {https://doi.org/10.1103/physrevlett.96.066402},
 volume = {96},
 year = {2006},
}

@article{Allen1978,
 author = {Allen, P. B.},
 doi = {10.1103/physrevb.17.3725},
 issn = {0163-1829},
 journal = {Phys. Rev. B},
 month = may,
 number = {10},
 pages = {3725-3734},
 publisher = {American Physical Society (APS)},
 source = {Crossref},
 title = {New method for solving Boltzmann's equation for electrons in metals},
 url = {https://doi.org/10.1103/physrevb.17.3725},
 volume = {17},
 year = {1978},
}

@article{Albrecht1998,
 author = {Albrecht, Stefan and Reining, Lucia and Del Sole, Rodolfo and Onida, Giovanni},
 doi = {10.1103/physrevlett.80.4510},
 issn = {0031-9007, 1079-7114},
 journal = {Phys. Rev. Lett.},
 month = may,
 number = {20},
 pages = {4510-4513},
 publisher = {American Physical Society (APS)},
 source = {Crossref},
 title = {Ab {InitioCalculation} of Excitonic Effects in the Optical Spectra of Semiconductors},
 url = {https://doi.org/10.1103/physrevlett.80.4510},
 volume = {80},
 year = {1998},
}

@article{Antonius2014,
 author = {Antonius, G. and Poncé, S. and Boulanger, P. and Côté, M. and Gonze, X.},
 doi = {10.1103/physrevlett.112.215501},
 issn = {0031-9007, 1079-7114},
 journal = {Phys. Rev. Lett.},
 month = may,
 number = {21},
 pages = {215501},
 publisher = {American Physical Society (APS)},
 source = {Crossref},
 title = {Many-Body Effects on the Zero-Point Renormalization of the Band Structure},
 url = {https://doi.org/10.1103/physrevlett.112.215501},
 volume = {112},
 year = {2014},
}

@article{Amadon2012,
 author = {Amadon, B},
 doi = {10.1088/0953-8984/24/7/075604},
 issn = {0953-8984, 1361-648X},
 journal = {J. Phys.: Condens. Matter},
 month = feb,
 number = {7},
 pages = {075604},
 publisher = {IOP Publishing},
 source = {Crossref},
 title = {A self-consistent {DFT} + {DMFT} scheme in the projector augmented wave method: {Applications} to cerium, {Ce2O3and} {Pu2O3with} the Hubbard {I} solver and comparison to {DFT} {+U}},
 url = {https://doi.org/10.1088/0953-8984/24/7/075604},
 volume = {24},
 year = {2012},
}

@article{Amadon2008a,
 author = {Amadon, B. and Jollet, F. and Torrent, M.},
 doi = {10.1103/physrevb.77.155104},
 issn = {1098-0121, 1550-235X},
 journal = {Phys. Rev. B},
 month = apr,
 number = {15},
 publisher = {American Physical Society (APS)},
 source = {Crossref},
 title = {{γ and βcerium:LDA+Ucalculations} of ground-state parameters},
 url = {https://doi.org/10.1103/physrevb.77.155104},
 volume = {77},
 year = {2008},
 pages = {155104},
}

@article{Amadon2008,
 author = {Amadon, B. and Lechermann, F. and Georges, A. and Jollet, F. and Wehling, T. O. and Lichtenstein, A. I.},
 doi = {10.1103/physrevb.77.205112},
 issn = {1098-0121, 1550-235X},
 journal = {Phys. Rev. B},
 month = may,
 number = {20},
 publisher = {American Physical Society (APS)},
 source = {Crossref},
 title = {Plane-wave based electronic structure calculations for correlated materials using dynamical mean-field theory and projected local orbitals},
 url = {https://doi.org/10.1103/physrevb.77.205112},
 volume = {77},
 year = {2008},
 pages = {205112},
}

@article{Amadon2014,
 author = {Amadon, Bernard and Applencourt, Thomas and Bruneval, Fabien},
 doi = {10.1103/physrevb.89.125110},
 issn = {1098-0121, 1550-235X},
 journal = {Phys. Rev. B},
 month = mar,
 number = {12},
 publisher = {American Physical Society (APS)},
 source = {Crossref},
 title = {Screened Coulomb interaction calculations: {Crpa} implementation and applications to dynamical screening and self-consistency in uranium dioxide and cerium},
 url = {https://doi.org/10.1103/physrevb.89.125110},
 volume = {89},
 year = {2014},
 pages = {125110},
}

@article{Antonius2015,
 author = {Antonius, G. and Poncé, S. and Lantagne-Hurtubise, E. and Auclair, G. and Gonze, X. and Côté, M.},
 doi = {10.1103/physrevb.92.085137},
 issn = {1098-0121, 1550-235X},
 journal = {Phys. Rev. B},
 month = aug,
 number = {8},
 publisher = {American Physical Society (APS)},
 source = {Crossref},
 title = {Dynamical and anharmonic effects on the electron-phonon coupling and the zero-point renormalization of the electronic structure},
 url = {https://doi.org/10.1103/physrevb.92.085137},
 volume = {92},
 year = {2015},
 pages = {085137},
}

@article{Arponen1979,
 author = {Arponen, J and Pajanne, E},
 doi = {10.1088/0305-4608/9/12/009},
 issn = {0305-4608},
 journal = {J. Phys. F: Met. Phys.},
 month = dec,
 number = {12},
 pages = {2359-2376},
 publisher = {IOP Publishing},
 source = {Crossref},
 title = {Angular correlation in positron annihilation},
 url = {https://doi.org/10.1088/0305-4608/9/12/009},
 volume = {9},
 year = {1979},
}

@article{Ambrosetti2012,
 author = {Ambrosetti, A. and Silvestrelli, P. L.},
 title = {van der {Waals} interactions in density functional theory using Wannier functions: {Improvedc6andc3coefficients} by a different approach},
 journal = {Phys. Rev. B},
 volume = {85},
 issue = {7},
 pages = {073101},
 numpages = {4},
 year = {2012},
 month = feb,
 publisher = {American Physical Society (APS)},
 doi = {10.1103/physrevb.85.073101},
 url = {https://doi.org/10.1103/physrevb.85.073101},
 number = {7},
 source = {Crossref},
 issn = {1098-0121, 1550-235X},
}

@article{Aryasetiawan2006,
 author = {Aryasetiawan, F. and Karlsson, K. and Jepsen, O. and Schönberger, U.},
 doi = {10.1103/physrevb.74.125106},
 issn = {1098-0121, 1550-235X},
 journal = {Phys. Rev. B},
 month = sep,
 number = {12},
 publisher = {American Physical Society (APS)},
 source = {Crossref},
 title = {Calculations of {HubbardUfrom} first-principles},
 url = {https://doi.org/10.1103/physrevb.74.125106},
 volume = {74},
 year = {2006},
 pages = {125106},
}

@article{Audouze2006,
 author = {Audouze, Christophe and Jollet, François and Torrent, Marc and Gonze, Xavier},
 doi = {10.1103/physrevb.73.235101},
 issn = {1098-0121, 1550-235X},
 journal = {Phys. Rev. B},
 month = jun,
 number = {23},
 publisher = {American Physical Society (APS)},
 source = {Crossref},
 title = {Projector augmented-wave approach to density-functional perturbation theory},
 url = {https://doi.org/10.1103/physrevb.73.235101},
 volume = {73},
 year = {2006},
 pages = {235101},
}

@article{Anisimov1991,
 author = {Anisimov, V. I. and Gunnarsson, O.},
 doi = {10.1103/physrevb.43.7570},
 issn = {0163-1829, 1095-3795},
 journal = {Phys. Rev. B},
 month = apr,
 number = {10},
 pages = {7570-7574},
 publisher = {American Physical Society (APS)},
 source = {Crossref},
 title = {Density-functional calculation of effective Coulomb interactions in metals},
 url = {https://doi.org/10.1103/physrevb.43.7570},
 volume = {43},
 year = {1991},
}

@article{Audouze2008,
 author = {Audouze, Christophe and Jollet, François and Torrent, Marc and Gonze, Xavier},
 doi = {10.1103/physrevb.78.035105},
 issn = {1098-0121, 1550-235X},
 journal = {Phys. Rev. B},
 month = jul,
 number = {3},
 publisher = {American Physical Society (APS)},
 source = {Crossref},
 title = {Comparison between projector augmented-wave and ultrasoft pseudopotential formalisms at the density-functional perturbation theory level},
 url = {https://doi.org/10.1103/physrevb.78.035105},
 volume = {78},
 year = {2008},
 pages = {035105},
}

@article{Amadon2015,
 author = {Amadon, Bernard and Gerossier, Alexis},
 doi = {10.1103/physrevb.91.161103},
 issn = {1098-0121, 1550-235X},
 journal = {Phys. Rev. B},
 month = apr,
 number = {16},
 publisher = {American Physical Society (APS)},
 source = {Crossref},
 title = {Comparative analysis of models for theα−γphase transition in cerium: {A} {DFT+DMFT} study using Wannier orbitals},
 url = {https://doi.org/10.1103/physrevb.91.161103},
 volume = {91},
 year = {2015},
 pages = {161103},
}

@book{Bader1994,
 author = {Bader, R.F.W.},
 title = {Atoms in Molecules: {A} Quantum Theory},
 series = {International series of monographs on chemistry},
 url = {https://books.google.be/books?id=sDptAQAACAAJ},
 year = {1994},
 publisher = {Clarendon Press},
}

@article{Baroni1987,
 author = {Baroni, Stefano and Giannozzi, Paolo and Testa, Andrea},
 doi = {10.1103/physrevlett.58.1861},
 issn = {0031-9007},
 journal = {Phys. Rev. Lett.},
 month = may,
 number = {18},
 pages = {1861-1864},
 publisher = {American Physical Society (APS)},
 source = {Crossref},
 title = {Green's-function approach to linear response in solids},
 url = {https://doi.org/10.1103/physrevlett.58.1861},
 volume = {58},
 year = {1987},
}

@article{Bengone2000,
 author = {Bengone, O. and Alouani, M. and Blöchl, P. and Hugel, J.},
 doi = {10.1103/physrevb.62.16392},
 issn = {0163-1829, 1095-3795},
 journal = {Phys. Rev. B},
 month = dec,
 number = {24},
 pages = {16392-16401},
 publisher = {American Physical Society (APS)},
 source = {Crossref},
 title = {Implementation of the projector augmented-wave {LDA+U} method: {Application} to the electronic structure of {NiO}},
 url = {https://doi.org/10.1103/physrevb.62.16392},
 volume = {62},
 year = {2000},
}

@article{Becke1990,
 author = {Becke, A. D. and Edgecombe, K. E.},
 doi = {10.1063/1.458517},
 issn = {0021-9606, 1089-7690},
 journal = {The Journal of Chemical Physics},
 month = may,
 number = {9},
 pages = {5397-5403},
 publisher = {AIP Publishing},
 source = {Crossref},
 title = {A simple measure of electron localization in atomic and molecular systems},
 url = {https://doi.org/10.1063/1.458517},
 volume = {92},
 year = {1990},
}

@article{Bachelet1982,
 author = {Bachelet, G. B. and Hamann, D. R. and Schlüter, M.},
 doi = {10.1103/physrevb.26.4199},
 issn = {0163-1829},
 journal = {Phys. Rev. B},
 month = oct,
 number = {8},
 pages = {4199-4228},
 publisher = {American Physical Society (APS)},
 source = {Crossref},
 title = {Pseudopotentials that work: {From} H to Pu},
 url = {https://doi.org/10.1103/physrevb.26.4199},
 volume = {26},
 year = {1982},
}

@article{Benedict1998,
 author = {Benedict, Lorin X. and Shirley, Eric L. and Bohn, Robert B.},
 doi = {10.1103/physrevlett.80.4514},
 issn = {0031-9007, 1079-7114},
 journal = {Phys. Rev. Lett.},
 month = may,
 number = {20},
 pages = {4514-4517},
 publisher = {American Physical Society (APS)},
 source = {Crossref},
 title = {Optical Absorption of Insulators and the Electron-Hole Interaction: {Anab} {InitioCalculation}},
 url = {https://doi.org/10.1103/physrevlett.80.4514},
 volume = {80},
 year = {1998},
}

@article{Barbiellini1996,
 author = {Barbiellini, B. and Puska, M. J. and Korhonen, T. and Harju, A. and Torsti, T. and Nieminen, R. M.},
 doi = {10.1103/physrevb.53.16201},
 issn = {0163-1829, 1095-3795},
 journal = {Phys. Rev. B},
 month = jun,
 number = {24},
 pages = {16201-16213},
 publisher = {American Physical Society (APS)},
 source = {Crossref},
 title = {Calculation of positron states and annihilation in solids: {A} density-gradient-correction scheme},
 url = {https://doi.org/10.1103/physrevb.53.16201},
 volume = {53},
 year = {1996},
}

@article{Baroni2001,
 author = {Baroni, Stefano and de Gironcoli, Stefano and Dal Corso, Andrea and Giannozzi, Paolo},
 journal = {Rev. Mod. Phys.},
 pages = {515-562},
 title = {Phonons and related crystal properties from density-functional perturbation theory},
 volume = {73},
 year = {2001},
 doi = {10.1103/revmodphys.73.515},
 number = {2},
 source = {Crossref},
 url = {https://doi.org/10.1103/revmodphys.73.515},
 publisher = {American Physical Society (APS)},
 issn = {0034-6861, 1539-0756},
 month = jul,
}

@article{Blancoa1997,
 author = {Blanco, Miguel A. and Flórez, M. and Bermejo, M.},
 doi = {10.1016/s0166-1280(97)00185-1},
 issn = {0166-1280},
 journal = {J. Mol. Struct. THEOCHEM},
 month = dec,
 number = {1-3},
 pages = {19-27},
 publisher = {Elsevier BV},
 source = {Crossref},
 title = {Evaluation of the rotation matrices in the basis of real spherical harmonics},
 url = {https://doi.org/10.1016/s0166-1280(97)00185-1},
 volume = {419},
 year = {1997},
}

@article{Aryasetiawan2004,
 author = {Aryasetiawan, F. and Imada, M. and Georges, A. and Kotliar, G. and Biermann, S. and Lichtenstein, A. I.},
 doi = {10.1103/physrevb.70.195104},
 issn = {1098-0121, 1550-235X},
 journal = {Phys. Rev. B},
 month = nov,
 number = {19},
 publisher = {American Physical Society (APS)},
 source = {Crossref},
 title = {Frequency-dependent local interactions and low-energy effective models from electronic structure calculations},
 url = {https://doi.org/10.1103/physrevb.70.195104},
 volume = {70},
 year = {2004},
 pages = {195104},
}

@article{Bloechl1994,
 author = {Blöchl, P. E.},
 doi = {10.1103/physrevb.50.17953},
 issn = {0163-1829, 1095-3795},
 journal = {Phys. Rev. B},
 month = dec,
 number = {24},
 pages = {17953-17979},
 publisher = {American Physical Society (APS)},
 source = {Crossref},
 title = {Projector augmented-wave method},
 url = {https://doi.org/10.1103/physrevb.50.17953},
 volume = {50},
 year = {1994},
}

@article{Bergeron2016,
 author = {Bergeron, Dominic and Tremblay, A.-M. S.},
 doi = {10.1103/physreve.94.023303},
 issn = {2470-0045, 2470-0053},
 journal = {Phys. Rev. E},
 month = aug,
 number = {2},
 publisher = {American Physical Society (APS)},
 source = {Crossref},
 title = {Algorithms for optimized maximum entropy and diagnostic tools for analytic continuation},
 url = {https://doi.org/10.1103/physreve.94.023303},
 volume = {94},
 year = {2016},
 pages = {023303},
}

@article{Bieder2014,
 author = {Bieder, J. and Amadon, B.},
 doi = {10.1103/physrevb.89.195132},
 issn = {1098-0121, 1550-235X},
 journal = {Phys. Rev. B},
 month = may,
 number = {19},
 publisher = {American Physical Society (APS)},
 source = {Crossref},
 title = {Thermodynamics of the α-γ transition in cerium from first principles},
 url = {https://doi.org/10.1103/physrevb.89.195132},
 volume = {89},
 year = {2014},
 pages = {195132},
}

@article{Bruneval2006,
 author = {Bruneval, Fabien and Vast, Nathalie and Reining, Lucia},
 doi = {10.1103/physrevb.74.045102},
 issn = {1098-0121, 1550-235X},
 journal = {Phys. Rev. B},
 month = jul,
 number = {4},
 publisher = {American Physical Society (APS)},
 source = {Crossref},
 title = {Effect of self-consistency on quasiparticles in solids},
 url = {https://doi.org/10.1103/physrevb.74.045102},
 volume = {74},
 year = {2006},
 pages = {045102},
}

@article{Bockstedte1997,
 author = {Bockstedte, Michel and Kley, Alexander and Neugebauer, Jörg and Scheffler, Matthias},
 doi = {10.1016/s0010-4655(97)00117-3},
 issn = {0010-4655},
 journal = {Comput. Phys. Commun.},
 month = dec,
 number = {1-3},
 pages = {187-222},
 publisher = {Elsevier BV},
 source = {Crossref},
 title = {Density-functional theory calculations for poly-atomic systems: {Electronic} structure, static and elastic properties and ab initio molecular dynamics},
 url = {https://doi.org/10.1016/s0010-4655(97)00117-3},
 volume = {107},
 year = {1997},
}

@article{Bousquet2011,
 author = {Bousquet, Eric and Spaldin, Nicola A. and Delaney, Kris T.},
 doi = {10.1103/physrevlett.106.107202},
 issn = {0031-9007, 1079-7114},
 journal = {Phys. Rev. Lett.},
 month = mar,
 number = {10},
 publisher = {American Physical Society (APS)},
 source = {Crossref},
 title = {Unexpectedly Large Electronic Contribution to Linear Magnetoelectricity},
 url = {https://doi.org/10.1103/physrevlett.106.107202},
 volume = {106},
 year = {2011},
 pages = {107202},
}

@article{Boronski1986,
 author = {Boroński, E. and Nieminen, R. M.},
 doi = {10.1103/physrevb.34.3820},
 issn = {0163-1829},
 journal = {Phys. Rev. B},
 month = sep,
 number = {6},
 pages = {3820-3831},
 publisher = {American Physical Society (APS)},
 source = {Crossref},
 title = {Electron-positron density-functional theory},
 url = {https://doi.org/10.1103/physrevb.34.3820},
 volume = {34},
 year = {1986},
}

@article{Bottin2008,
 author = {Bottin, François and Leroux, Stéphane and Knyazev, Andrew and Zérah, Gilles},
 doi = {10.1016/j.commatsci.2007.07.019},
 issn = {0927-0256},
 journal = {Computational Materials Science},
 month = apr,
 number = {2},
 pages = {329-336},
 publisher = {Elsevier BV},
 source = {Crossref},
 title = {Large-scale ab initio calculations based on three levels of parallelization},
 url = {https://doi.org/10.1016/j.commatsci.2007.07.019},
 volume = {42},
 year = {2008},
}

@article{Bloechl1994a,
 author = {Blöchl, Peter E. and Jepsen, O. and Andersen, O. K.},
 doi = {10.1103/physrevb.49.16223},
 issn = {0163-1829, 1095-3795},
 journal = {Phys. Rev. B},
 month = jun,
 number = {23},
 pages = {16223-16233},
 publisher = {American Physical Society (APS)},
 source = {Crossref},
 title = {Improved tetrahedron method for Brillouin-zone integrations},
 url = {https://doi.org/10.1103/physrevb.49.16223},
 volume = {49},
 year = {1994},
}

@article{Campillo1998,
 author = {Campillo, I. and Pitarke, J. M. and Eguiluz, A. G.},
 doi = {10.1103/physrevb.58.10307},
 issn = {0163-1829, 1095-3795},
 journal = {Phys. Rev. B},
 month = oct,
 number = {16},
 pages = {10307-10314},
 publisher = {American Physical Society (APS)},
 source = {Crossref},
 title = {Electronic stopping power of aluminum crystal},
 url = {https://doi.org/10.1103/physrevb.58.10307},
 volume = {58},
 year = {1998},
}

@article{Calloni2005,
 author = {Calloni, A. and Dupasquier, A. and Ferragut, R. and Folegati, P. and Iglesias, M. M. and Makkonen, I. and Puska, M. J.},
 doi = {10.1103/physrevb.72.054112},
 issn = {1098-0121, 1550-235X},
 journal = {Phys. Rev. B},
 month = aug,
 number = {5},
 publisher = {American Physical Society (APS)},
 source = {Crossref},
 title = {Positron localization effects on the Doppler broadening of the annihilation line: {Aluminum} as a case study},
 url = {https://doi.org/10.1103/physrevb.72.054112},
 volume = {72},
 year = {2005},
 pages = {054112},
}

@article{Bruneval2012,
 author = {Bruneval, Fabien},
 doi = {10.1103/physrevlett.108.256403},
 issn = {0031-9007, 1079-7114},
 journal = {Phys. Rev. Lett.},
 month = jun,
 number = {25},
 publisher = {American Physical Society (APS)},
 source = {Crossref},
 title = {Range-Separated Approach to the {RPA} Correlation Applied to the van der Waals Bond and to Diffusion of Defects},
 url = {https://doi.org/10.1103/physrevlett.108.256403},
 volume = {108},
 year = {2012},
 pages = {256403},
}

@article{Cappellini1993,
 author = {Cappellini, G. and Del Sole, R. and Reining, Lucia and Bechstedt, F.},
 doi = {10.1103/physrevb.47.9892},
 issn = {0163-1829, 1095-3795},
 journal = {Phys. Rev. B},
 month = apr,
 number = {15},
 pages = {9892-9895},
 publisher = {American Physical Society (APS)},
 source = {Crossref},
 title = {Model dielectric function for semiconductors},
 url = {https://doi.org/10.1103/physrevb.47.9892},
 volume = {47},
 year = {1993},
}

@article{Bruneval2014,
 author = {Bruneval, Fabien and Crocombette, Jean-Paul and Gonze, Xavier and Dorado, Boris and Torrent, Marc and Jollet, François},
 doi = {10.1103/physrevb.89.045116},
 issn = {1098-0121, 1550-235X},
 journal = {Phys. Rev. B},
 month = jan,
 number = {4},
 publisher = {American Physical Society (APS)},
 source = {Crossref},
 title = {Consistent treatment of charged systems within periodic boundary conditions: {The} projector augmented-wave and pseudopotential methods revisited},
 url = {https://doi.org/10.1103/physrevb.89.045116},
 volume = {89},
 year = {2014},
 pages = {045116},
}

@article{Caracas2007,
 author = {Caracas, Razvan and Cohen, R. E.},
 doi = {10.1063/1.2776370},
 issn = {0003-6951, 1077-3118},
 journal = {Appl. Phys. Lett.},
 month = aug,
 number = {9},
 pages = {092902},
 publisher = {AIP Publishing},
 source = {Crossref},
 title = {Prediction of polar ordered oxynitride perovskites},
 url = {https://doi.org/10.1063/1.2776370},
 volume = {91},
 year = {2007},
}

@article{Caracas2007a,
 author = {Caracas, Razvan and Cohen, R. E.},
 doi = {10.1103/physrevb.76.184101},
 issn = {1098-0121, 1550-235X},
 journal = {Phys. Rev. B},
 month = nov,
 number = {18},
 publisher = {American Physical Society (APS)},
 source = {Crossref},
 title = {Post-perovskite phase in selected sesquioxides from density-functional calculations},
 url = {https://doi.org/10.1103/physrevb.76.184101},
 volume = {76},
 year = {2007},
 pages = {184101},
}

@article{Caracas2008,
 author = {Caracas, Razvan},
 doi = {10.1103/physrevlett.101.085502},
 issn = {0031-9007, 1079-7114},
 journal = {Phys. Rev. Lett.},
 month = aug,
 number = {8},
 publisher = {American Physical Society (APS)},
 source = {Crossref},
 title = {Dynamical Instabilities of Ice {X}},
 url = {https://doi.org/10.1103/physrevlett.101.085502},
 volume = {101},
 year = {2008},
 pages = {085502},
}

@article{Bruneval2008,
 author = {Bruneval, Fabien and Gonze, Xavier},
 doi = {10.1103/physrevb.78.085125},
 issn = {1098-0121, 1550-235X},
 journal = {Phys. Rev. B},
 month = aug,
 number = {8},
 publisher = {American Physical Society (APS)},
 source = {Crossref},
 title = {{AccurateGWself}-energies in a plane-wave basis using only a few empty states: {Towards} large systems},
 url = {https://doi.org/10.1103/physrevb.78.085125},
 volume = {78},
 year = {2008},
 pages = {085125},
}

@book{Daubechies1992,
 author = {Daubechies, Ingrid},
 title = {Ten Lectures on Wavelets},
 isbn = {9780898712742, 9781611970104},
 lccn = {lc92013201},
 series = {CBMS-NSF Regional Conference Series in Applied Mathematics},
 url = {https://doi.org/10.1137/1.9781611970104},
 year = {1992},
 publisher = {Society for Industrial and Applied Mathematics},
 doi = {10.1137/1.9781611970104},
 source = {Crossref},
 month = jan,
}

@book{Coleman2015,
 author = {Coleman, Piers},
 doi = {10.1017/cbo9781139020916},
 publisher = {Cambridge University Press},
 source = {Crossref},
 title = {Introduction to Many-Body Physics},
 url = {https://doi.org/10.1017/cbo9781139020916},
 year = {2015},
 isbn = {9781139020916},
}

@article{Espejo2012,
 author = {Espejo, C. and Rangel, T. and Pouillon, Y. and Romero, A.H. and Gonze, X.},
 doi = {10.1016/j.cpc.2011.11.003},
 issn = {0010-4655},
 journal = {Comput. Phys. Commun.},
 month = mar,
 number = {3},
 pages = {480-485},
 publisher = {Elsevier BV},
 source = {Crossref},
 title = {Wannier functions approach to van der Waals interactions in {ABINIT}},
 url = {https://doi.org/10.1016/j.cpc.2011.11.003},
 volume = {183},
 year = {2012},
}

@article{Czyzyk1994,
 author = {Czyżyk, M. T. and Sawatzky, G. A.},
 doi = {10.1103/physrevb.49.14211},
 issn = {0163-1829, 1095-3795},
 journal = {Phys. Rev. B},
 month = may,
 number = {20},
 pages = {14211-14228},
 publisher = {American Physical Society (APS)},
 source = {Crossref},
 title = {Local-density functional and on-site correlations: {The} electronic structure {ofLa2CuO4andLaCuO3}},
 url = {https://doi.org/10.1103/physrevb.49.14211},
 volume = {49},
 year = {1994},
}

@article{Ferreira2008,
 author = {Ferreira, Luiz G. and Marques, Marcelo and Teles, Lara K.},
 doi = {10.1103/physrevb.78.125116},
 issn = {1098-0121, 1550-235X},
 journal = {Phys. Rev. B},
 month = sep,
 number = {12},
 publisher = {American Physical Society (APS)},
 source = {Crossref},
 title = {Approximation to density functional theory for the calculation of band gaps of semiconductors},
 url = {https://doi.org/10.1103/physrevb.78.125116},
 volume = {78},
 year = {2008},
 pages = {125116},
}

@book{Fetter1971,
 author = {Fetter, A.L. and Walecka, J.D.},
 journal = {McGraw-Hill, New York},
 pages = {},
 publisher = {McGraw-Hill, New York},
 title = {Quantum Theory of Many-Particle Systems},
 volume = {},
 year = {1971},
}

@article{Cococcioni2005,
 author = {Cococcioni, Matteo and de Gironcoli, Stefano},
 doi = {10.1103/physrevb.71.035105},
 issn = {1098-0121, 1550-235X},
 journal = {Phys. Rev. B},
 month = jan,
 number = {3},
 publisher = {American Physical Society (APS)},
 source = {Crossref},
 title = {Linear response approach to the calculation of the effective interaction parameters in {theLDA+Umethod}},
 url = {https://doi.org/10.1103/physrevb.71.035105},
 volume = {71},
 year = {2005},
 pages = {035105},
}

@article{Dion2004,
 author = {Dion, M. and Rydberg, H. and Schröder, E. and Langreth, D. C. and Lundqvist, B. I.},
 doi = {10.1103/physrevlett.92.246401},
 issn = {0031-9007, 1079-7114},
 journal = {Phys. Rev. Lett.},
 month = jun,
 number = {24},
 publisher = {American Physical Society (APS)},
 source = {Crossref},
 title = {Van der Waals Density Functional for General Geometries},
 url = {https://doi.org/10.1103/physrevlett.92.246401},
 volume = {92},
 year = {2004},
 pages = {246401},
}

@article{Fresard1997,
 author = {Frésard, Raymond and Kotliar, Gabriel},
 doi = {10.1103/physrevb.56.12909},
 issn = {0163-1829, 1095-3795},
 journal = {Phys. Rev. B},
 month = nov,
 number = {20},
 pages = {12909-12915},
 publisher = {American Physical Society (APS)},
 source = {Crossref},
 title = {Interplay of Mott transition and ferromagnetism in the orbitally degenerate Hubbard model},
 url = {https://doi.org/10.1103/physrevb.56.12909},
 volume = {56},
 year = {1997},
}

@article{Casida1998,
 author = {Casida, Mark E. and Jamorski, Christine and Casida, Kim C. and Salahub, Dennis R.},
 doi = {10.1063/1.475855},
 issn = {0021-9606, 1089-7690},
 journal = {The Journal of Chemical Physics},
 month = mar,
 number = {11},
 pages = {4439-4449},
 publisher = {AIP Publishing},
 source = {Crossref},
 title = {Molecular excitation energies to high-lying bound states from time-dependent density-functional response theory: {Characterization} and correction of the time-dependent local density approximation ionization threshold},
 url = {https://doi.org/10.1063/1.475855},
 volume = {108},
 year = {1998},
}

@article{Folegati2007,
 author = {Folegati, P. and Makkonen, I. and Ferragut, R. and Puska, M. J.},
 doi = {10.1103/physrevb.75.054201},
 issn = {1098-0121, 1550-235X},
 journal = {Phys. Rev. B},
 month = feb,
 number = {5},
 publisher = {American Physical Society (APS)},
 source = {Crossref},
 title = {Analysis of electron-positron momentum spectra of metallic alloys as supported by first-principles calculations},
 url = {https://doi.org/10.1103/physrevb.75.054201},
 volume = {75},
 year = {2007},
 pages = {054201},
}

@article{Freund1995,
 author = {Freund, Roland W. and Nachtigal, Noël M.},
 doi = {10.1016/0168-9274(95)00089-5},
 issn = {0168-9274},
 journal = {Applied Numerical Mathematics},
 month = dec,
 number = {3},
 pages = {319-341},
 publisher = {Elsevier BV},
 source = {Crossref},
 title = {Software for simplified {Lanczos} and {QMR} algorithms},
 url = {https://doi.org/10.1016/0168-9274(95)00089-5},
 volume = {19},
 year = {1995},
}

@article{Fuchs1999,
 author = {Fuchs, Martin and Scheffler, Matthias},
 doi = {10.1016/s0010-4655(98)00201-x},
 issn = {0010-4655},
 journal = {Comput. Phys. Commun.},
 month = jun,
 number = {1},
 pages = {67-98},
 publisher = {Elsevier BV},
 source = {Crossref},
 title = {Ab initio pseudopotentials for electronic structure calculations of poly-atomic systems using density-functional theory},
 url = {https://doi.org/10.1016/s0010-4655(98)00201-x},
 volume = {119},
 year = {1999},
}

@article{Casida1998a,
author = {Casida, Mark E. and Casida, Kim C. and Salahub, Dennis R.},
title = {Excited-state potential energy curves from time-dependent density-functional theory: A cross section of formaldehyde's 1A1 manifold},
journal = {International Journal of Quantum Chemistry},
volume = {70},
number = {4-5},
publisher = {John Wiley & Sons, Inc.},
issn = {1097-461X},
url = {https://onlinelibrary.wiley.com/doi/10.1002/%28SICI%291097-461X%281998%2970%3A4/5%3C933%3A%3AAID-QUA39%3E3.0.CO%3B2-Z},
pages = {933--941},
keywords = {time-dependent density-functional theory, excited state surfaces, avoided crossings},
year = {1998},
}

@article{Garrity2014,
 author = {Garrity, Kevin F. and Bennett, Joseph W. and Rabe, Karin M. and Vanderbilt, David},
 doi = {10.1016/j.commatsci.2013.08.053},
 issn = {0927-0256},
 journal = {Computational Materials Science},
 month = jan,
 pages = {446-452},
 publisher = {Elsevier BV},
 source = {Crossref},
 title = {Pseudopotentials for high-throughput {DFT} calculations},
 url = {https://doi.org/10.1016/j.commatsci.2013.08.053},
 volume = {81},
 year = {2014},
}

@article{Genovese2008,
 author = {Genovese, Luigi and Neelov, Alexey and Goedecker, Stefan and Deutsch, Thierry and Ghasemi, Seyed Alireza and Willand, Alexander and Caliste, Damien and Zilberberg, Oded and Rayson, Mark and Bergman, Anders and Schneider, Reinhold},
 doi = {10.1063/1.2949547},
 issn = {0021-9606, 1089-7690},
 journal = {The Journal of Chemical Physics},
 month = jul,
 number = {1},
 pages = {014109},
 publisher = {AIP Publishing},
 source = {Crossref},
 title = {Daubechies wavelets as a basis set for density functional pseudopotential calculations},
 url = {https://doi.org/10.1063/1.2949547},
 volume = {129},
 year = {2008},
}

@article{Geneste2012,
 author = {Geneste, Grégory and Torrent, Marc and Bottin, François and Loubeyre, Paul},
 doi = {10.1103/physrevlett.109.155303},
 issn = {0031-9007, 1079-7114},
 journal = {Phys. Rev. Lett.},
 month = oct,
 number = {15},
 publisher = {American Physical Society (APS)},
 source = {Crossref},
 title = {Strong Isotope Effect in Phase {II} of Dense Solid Hydrogen and Deuterium},
 url = {https://doi.org/10.1103/physrevlett.109.155303},
 volume = {109},
 year = {2012},
 pages = {155303},
}

@article{Geneste2015,
 author = {Geneste, Grégory and Ottochian, Alistar and Hermet, Jessica and Dezanneau, Guilhem},
 doi = {10.1039/c5cp01216c},
 issn = {1463-9076, 1463-9084},
 journal = {Phys. Chem. Chem. Phys.},
 number = {29},
 pages = {19104-19118},
 publisher = {Royal Society of Chemistry (RSC)},
 source = {Crossref},
 title = {Proton transport in barium stannate: {Classical,} semi-classical and quantum regimes},
 url = {https://doi.org/10.1039/c5cp01216c},
 volume = {17},
 year = {2015},
}

@article{Genovese2009,
 author = {Genovese, Luigi and Ospici, Matthieu and Deutsch, Thierry and Méhaut, Jean-François and Neelov, Alexey and Goedecker, Stefan},
 doi = {10.1063/1.3166140},
 issn = {0021-9606, 1089-7690},
 journal = {The Journal of Chemical Physics},
 month = jul,
 number = {3},
 pages = {034103},
 publisher = {AIP Publishing},
 source = {Crossref},
 title = {Density functional theory calculation on many-cores hybrid central processing unit-graphic processing unit architectures},
 url = {https://doi.org/10.1063/1.3166140},
 volume = {131},
 year = {2009},
}

@inproceedings{Georges2004,
 author = {Georges, Antoine},
 booktitle = {AIP Conference Proceedings},
 doi = {10.1063/1.1800733},
 issn = {0094-243X},
 publisher = {AIP},
 source = {Crossref},
 title = {Strongly Correlated Electron Materials: {Dynamical} Mean-Field Theory and Electronic Structure},
 url = {http://dx.doi.org/10.1063/1.1800733},
 year = {2004},
}

@article{Goedecker1996,
 author = {Goedecker, S. and Teter, M. and Hutter, J.},
 doi = {10.1103/physrevb.54.1703},
 issn = {0163-1829, 1095-3795},
 journal = {Phys. Rev. B},
 month = jul,
 number = {3},
 pages = {1703-1710},
 publisher = {American Physical Society (APS)},
 source = {Crossref},
 title = {Separable dual-space {Gaussian} pseudopotentials},
 url = {https://doi.org/10.1103/physrevb.54.1703},
 volume = {54},
 year = {1996},
}

@article{Gillet2017,
 author = {Gillet, Yannick and Kontur, Stefan and Giantomassi, Matteo and Draxl, Claudia and Gonze, Xavier},
 doi = {10.1038/s41598-017-07682-y},
 issn = {2045-2322},
 journal = {Sci Rep},
 month = aug,
 number = {1},
 publisher = {Springer Nature},
 source = {Crossref},
 title = {Ab Initio Approach to Second-order Resonant Raman Scattering Including Exciton-Phonon Interaction},
 url = {https://doi.org/10.1038/s41598-017-07682-y},
 volume = {7},
 year = {2017},
 pages = {7344},
}

@article{Georges1996,
 author = {Georges, Antoine and Kotliar, Gabriel and Krauth, Werner and Rozenberg, Marcelo J.},
 doi = {10.1103/revmodphys.68.13},
 issn = {0034-6861, 1539-0756},
 journal = {Rev. Mod. Phys.},
 month = jan,
 number = {1},
 pages = {13-125},
 publisher = {American Physical Society (APS)},
 source = {Crossref},
 title = {Dynamical mean-field theory of strongly correlated fermion systems and the limit of infinite dimensions},
 url = {https://doi.org/10.1103/revmodphys.68.13},
 volume = {68},
 year = {1996},
}

@article{Ghosez1998,
 author = {Ghosez, Ph. and Michenaud, J.-P. and Gonze, X.},
 journal = {Phys. Rev. B},
 pages = {6224-6240},
 title = {Dynamical atomic charges: {The} case {ofABO3compounds}},
 url = {https://doi.org/10.1103/physrevb.58.6224},
 volume = {58},
 year = {1998},
 doi = {10.1103/physrevb.58.6224},
 number = {10},
 source = {Crossref},
 publisher = {American Physical Society (APS)},
 issn = {0163-1829, 1095-3795},
 month = sep,
}

@article{Giannozzi1991,
 author = {Giannozzi, Paolo and de Gironcoli, Stefano and Pavone, Pasquale and Baroni, Stefano},
 journal = {Phys. Rev. B},
 pages = {7231},
 title = {Ab initio calculation of phonon dispersions in semiconductors},
 volume = {43},
 year = {1991},
}

@article{Giannozzi2009,
 author = {Giannozzi, Paolo and Baroni, Stefano and Bonini, Nicola and Calandra, Matteo and Car, Roberto and Cavazzoni, Carlo and Ceresoli, Davide and Chiarotti, Guido L and Cococcioni, Matteo and Dabo, Ismaila and Dal Corso, Andrea and de Gironcoli, Stefano and Fabris, Stefano and Fratesi, Guido and Gebauer, Ralph and Gerstmann, Uwe and Gougoussis, Christos and Kokalj, Anton and Lazzeri, Michele and Martin-Samos, Layla and Marzari, Nicola and Mauri, Francesco and Mazzarello, Riccardo and Paolini, Stefano and Pasquarello, Alfredo and Paulatto, Lorenzo and Sbraccia, Carlo and Scandolo, Sandro and Sclauzero, Gabriele and Seitsonen, Ari P and Smogunov, Alexander and Umari, Paolo and Wentzcovitch, Renata M},
 doi = {10.1088/0953-8984/21/39/395502},
 issn = {0953-8984, 1361-648X},
 journal = {J. Phys.: Condens. Matter},
 month = sep,
 number = {39},
 pages = {395502},
 publisher = {IOP Publishing},
 source = {Crossref},
 title = {{QUANTUM} {ESPRESSO:} {A} modular and open-source software project for quantum simulations of materials},
 url = {https://doi.org/10.1088/0953-8984/21/39/395502},
 volume = {21},
 year = {2009},
}

@article{Godby1989,
 author = {Godby, R. W. and Needs, R. J.},
 doi = {10.1103/physrevlett.62.1169},
 issn = {0031-9007},
 journal = {Phys. Rev. Lett.},
 month = mar,
 number = {10},
 pages = {1169-1172},
 publisher = {American Physical Society (APS)},
 source = {Crossref},
 title = {Metal-insulator transition in Kohn-Sham theory and quasiparticle theory},
 url = {https://doi.org/10.1103/physrevlett.62.1169},
 volume = {62},
 year = {1989},
}

@article{Giantomassi2011,
 author = {Giantomassi, M. and Stankovski, M. and Shaltaf, R. and Grüning, M. and Bruneval, F. and Rinke, P. and Rignanese, G.-M.},
 doi = {10.1002/pssb.201046094},
 issn = {0370-1972},
 journal = {phys. stat. sol. (b)},
 month = jan,
 number = {2},
 pages = {275-289},
 publisher = {Wiley-Blackwell},
 source = {Crossref},
 title = {Electronic properties of interfaces and defects from many-body perturbation theory: {Recent} developments and applications},
 url = {https://doi.org/10.1002/pssb.201046094},
 volume = {248},
 year = {2011},
}

@article{Gillet2015,
 author = {Gillet, Yannick and Giantomassi, Matteo and Gonze, Xavier},
 doi = {10.1016/j.cpc.2016.02.008},
 issn = {0010-4655},
 journal = {Comput. Phys. Commun.},
 month = jun,
 pages = {83-93},
 publisher = {Elsevier BV},
 source = {Crossref},
 title = {Efficient on-the-fly interpolation technique for {Bethe–Salpeter} calculations of optical spectra},
 url = {https://doi.org/10.1016/j.cpc.2016.02.008},
 volume = {203},
 year = {2016},
}

@article{Gonze1995,
 author = {Gonze, Xavier},
 doi = {10.1103/physreva.52.1096},
 issn = {1050-2947, 1094-1622},
 journal = {Phys. Rev. A},
 month = aug,
 number = {2},
 pages = {1096-1114},
 publisher = {American Physical Society (APS)},
 source = {Crossref},
 title = {Adiabatic density-functional perturbation theory},
 url = {https://doi.org/10.1103/physreva.52.1096},
 volume = {52},
 year = {1995},
}

@article{Gonze1995a,
 author = {Gonze, X. and Ghosez, Ph. and Godby, R. W.},
 journal = {Phys. Rev. Lett.},
 pages = {4035-4038},
 title = {Density-Polarization Functional Theory of the Response of a Periodic Insulating Solid to an Electric Field},
 url = {https://doi.org/10.1103/physrevlett.74.4035},
 volume = {74},
 year = {1995},
 doi = {10.1103/physrevlett.74.4035},
 number = {20},
 source = {Crossref},
 publisher = {American Physical Society (APS)},
 issn = {0031-9007, 1079-7114},
 month = may,
}

@article{Gonze1991,
 author = {Gonze, Xavier and Stumpf, Roland and Scheffler, Matthias},
 doi = {10.1103/physrevb.44.8503},
 issn = {0163-1829, 1095-3795},
 journal = {Phys. Rev. B},
 month = oct,
 number = {16},
 pages = {8503-8513},
 publisher = {American Physical Society (APS)},
 source = {Crossref},
 title = {Analysis of separable potentials},
 url = {https://doi.org/10.1103/physrevb.44.8503},
 volume = {44},
 year = {1991},
}

@article{Gillet2013,
 author = {Gillet, Yannick and Giantomassi, Matteo and Gonze, Xavier},
 doi = {10.1103/physrevb.88.094305},
 issn = {1098-0121, 1550-235X},
 journal = {Phys. Rev. B},
 month = sep,
 number = {9},
 publisher = {American Physical Society (APS)},
 source = {Crossref},
 title = {First-principles study of excitonic effects in Raman intensities},
 url = {https://doi.org/10.1103/physrevb.88.094305},
 volume = {88},
 year = {2013},
 pages = {094305},
}

@article{Gonze1997,
 author = {Gonze, Xavier},
 doi = {10.1103/physrevb.55.10337},
 issn = {0163-1829, 1095-3795},
 journal = {Phys. Rev. B},
 month = apr,
 number = {16},
 pages = {10337-10354},
 publisher = {American Physical Society (APS)},
 source = {Crossref},
 title = {First-principles responses of solids to atomic displacements and homogeneous electric fields: {Implementation} of a conjugate-gradient algorithm},
 url = {https://doi.org/10.1103/physrevb.55.10337},
 volume = {55},
 year = {1997},
}

@article{Gonze2005,
 author = {Gonze, X. and Rignanese, G.-M. and Verstraete, M. and Beuken, J.-M. and Pouillon, Y. and Caracas, R. and Jollet, F. and Torrent, M. and Zerah, G. and Mikami, M. and Ghosez, Ph. and Veithen, M. and Raty, J.-Y. and Olevano, V. and Bruneval, F. and Reining, L. and Godby, R. and Onida, G. and an D.C. Allan, D.R. Hamann},
 doi = {10.1524/zkri.220.5.558.65066},
 issn = {2196-7105, 2194-4946},
 journal = {Zeitschrift für Kristallographie - Crystalline Materials},
 month = jan,
 number = {5/6},
 pages = {558-562},
 publisher = {Walter de Gruyter GmbH},
 source = {Crossref},
 title = {A brief introduction to the {ABINIT} software package},
 url = {http://dx.doi.org/10.1524/zkri.220.5.558.65066},
 volume = {220},
 year = {2005},
}

@article{Gonze2009,
 author = {Gonze, X. and Amadon, B. and Anglade, P.-M. and Beuken, J.-M. and Bottin, F. and Boulanger, P. and Bruneval, F. and Caliste, D. and Caracas, R. and Côté, M. and Deutsch, T. and Genovese, L. and Ghosez, Ph. and Giantomassi, M. and Goedecker, S. and Hamann, D.R. and Hermet, P. and Jollet, F. and Jomard, G. and Leroux, S. and Mancini, M. and Mazevet, S. and Oliveira, M.J.T. and Onida, G. and Pouillon, Y. and Rangel, T. and Rignanese, G.-M. and Sangalli, D. and Shaltaf, R. and Torrent, M. and Verstraete, M.J. and Zerah, G. and Zwanziger, J.W.},
 doi = {10.1016/j.cpc.2009.07.007},
 issn = {0010-4655},
 journal = {Comput. Phys. Commun.},
 month = dec,
 number = {12},
 pages = {2582-2615},
 publisher = {Elsevier BV},
 source = {Crossref},
 title = {{ABINIT:} {{First}-principles} approach to material and nanosystem properties},
 url = {https://doi.org/10.1016/j.cpc.2009.07.007},
 volume = {180},
 year = {2009},
}

@article{Gonze1997a,
 author = {Gonze, Xavier and Lee, Changyol},
 doi = {10.1103/physrevb.55.10355},
 issn = {0163-1829, 1095-3795},
 journal = {Phys. Rev. B},
 month = apr,
 number = {16},
 pages = {10355-10368},
 publisher = {American Physical Society (APS)},
 source = {Crossref},
 title = {Dynamical matrices, Born effective charges, dielectric permittivity tensors, and interatomic force constants from density-functional perturbation theory},
 url = {https://doi.org/10.1103/physrevb.55.10355},
 volume = {55},
 year = {1997},
}

@article{Gonze2002,
 author = {Gonze, X. and Beuken, J.-M. and Caracas, R. and Detraux, F. and Fuchs, M. and Rignanese, G.-M. and Sindic, L. and Verstraete, M. and Zerah, G. and Jollet, F. and Torrent, M. and Roy, A. and Mikami, M. and Ghosez, Ph. and Raty, J.-Y. and Allan, D.C.},
 doi = {10.1016/s0927-0256(02)00325-7},
 issn = {0927-0256},
 journal = {Computational Materials Science},
 month = nov,
 number = {3},
 pages = {478-492},
 publisher = {Elsevier BV},
 source = {Crossref},
 title = {First-principles computation of material properties: {The} {ABINIT} software project},
 url = {https://doi.org/10.1016/s0927-0256(02)00325-7},
 volume = {25},
 year = {2002},
}

@book{Grimvall1981,
 author = {Grimvall, G.},
 title = {The electron-phonon interaction in metals},
 isbn = {9780444861054},
 lccn = {lc81000365},
 series = {Selected topics in solid state physics},
 url = {https://books.google.be/books?id=CkR9AAAAIAAJ},
 year = {1981},
 publisher = {North-Holland Pub. Co. : sole distributors for the U.S.A. and Canada, Elsevier North-Holland},
}

@article{Grimme2010,
 author = {Grimme, Stefan and Antony, Jens and Ehrlich, Stephan and Krieg, Helge},
 doi = {10.1063/1.3382344},
 issn = {0021-9606, 1089-7690},
 journal = {The Journal of Chemical Physics},
 month = apr,
 number = {15},
 pages = {154104},
 publisher = {AIP Publishing},
 source = {Crossref},
 title = {A consistent and accurate ab initio parametrization of density functional dispersion correction {(DFT}-D) for the 94 elements H-Pu},
 url = {https://doi.org/10.1063/1.3382344},
 volume = {132},
 year = {2010},
}

@article{Grimme2010a,
 author = {Grimme, Stefan and Ehrlich, Stephan and Goerigk, Lars},
 doi = {10.1002/jcc.21759},
 issn = {0192-8651},
 journal = {J. Comput. Chem.},
 month = mar,
 number = {7},
 pages = {1456-1465},
 publisher = {Wiley-Blackwell},
 source = {Crossref},
 title = {Effect of the damping function in dispersion corrected density functional theory},
 url = {https://doi.org/10.1002/jcc.21759},
 volume = {32},
 year = {2011},
}

@article{Grimme2006,
 author = {Grimme, Stefan},
 doi = {10.1002/jcc.20495},
 issn = {0192-8651, 1096-987X},
 journal = {J. Comput. Chem.},
 number = {15},
 pages = {1787-1799},
 publisher = {Wiley-Blackwell},
 source = {Crossref},
 title = {Semiempirical {GGA}-type density functional constructed with a long-range dispersion correction},
 url = {https://doi.org/10.1002/jcc.20495},
 volume = {27},
 year = {2006},
}

@article{Gonze2011,
 author = {Gonze, X. and Boulanger, P. and Côté, M.},
 doi = {10.1002/andp.201000100},
 issn = {0003-3804},
 journal = {Ann. Phys.},
 month = nov,
 number = {1-2},
 pages = {168-178},
 publisher = {Wiley-Blackwell},
 source = {Crossref},
 title = {Theoretical approaches to the temperature and zero-point motion effects on the electronic band structure},
 url = {https://doi.org/10.1002/andp.201000100},
 volume = {523},
 year = {2010},
}

@article{Hamann2005,
 author = {Hamann, D. R. and Wu, Xifan and Rabe, Karin M. and Vanderbilt, David},
 doi = {10.1103/physrevb.71.035117},
 issn = {1098-0121, 1550-235X},
 journal = {Phys. Rev. B},
 month = jan,
 number = {3},
 publisher = {American Physical Society (APS)},
 source = {Crossref},
 title = {Metric tensor formulation of strain in density-functional perturbation theory},
 url = {https://doi.org/10.1103/physrevb.71.035117},
 volume = {71},
 year = {2005},
 pages = {035117},
}

@article{Hamann1989,
 author = {Hamann, D. R.},
 doi = {10.1103/physrevb.40.2980},
 issn = {0163-1829},
 journal = {Phys. Rev. B},
 month = aug,
 number = {5},
 pages = {2980-2987},
 publisher = {American Physical Society (APS)},
 source = {Crossref},
 title = {Generalized norm-conserving pseudopotentials},
 url = {https://doi.org/10.1103/physrevb.40.2980},
 volume = {40},
 year = {1989},
}

@article{Hamann1979,
 author = {Hamann, D. R. and Schlüter, M. and Chiang, C.},
 doi = {10.1103/physrevlett.43.1494},
 issn = {0031-9007},
 journal = {Phys. Rev. Lett.},
 month = nov,
 number = {20},
 pages = {1494-1497},
 publisher = {American Physical Society (APS)},
 source = {Crossref},
 title = {Norm-Conserving Pseudopotentials},
 url = {https://doi.org/10.1103/physrevlett.43.1494},
 volume = {43},
 year = {1979},
}

@article{Gonze2016,
 author = {Gonze, X. and Jollet, F. and Abreu Araujo, F. and Adams, D. and Amadon, B. and Applencourt, T. and Audouze, C. and Beuken, J.-M. and Bieder, J. and Bokhanchuk, A. and Bousquet, E. and Bruneval, F. and Caliste, D. and Côté, M. and Dahm, F. and Da Pieve, F. and Delaveau, M. and Di Gennaro, M. and Dorado, B. and Espejo, C. and Geneste, G. and Genovese, L. and Gerossier, A. and Giantomassi, M. and Gillet, Y. and Hamann, D.R. and He, L. and Jomard, G. and Laflamme Janssen, J. and Le Roux, S. and Levitt, A. and Lherbier, A. and Liu, F. and Lukačević, I. and Martin, A. and Martins, C. and Oliveira, M.J.T. and Poncé, S. and Pouillon, Y. and Rangel, T. and Rignanese, G.-M. and Romero, A.H. and Rousseau, B. and Rubel, O. and Shukri, A.A. and Stankovski, M. and Torrent, M. and Van Setten, M.J. and Van Troeye, B. and Verstraete, M.J. and Waroquiers, D. and Wiktor, J. and Xu, B. and Zhou, A. and Zwanziger, J.W.},
 doi = {10.1016/j.cpc.2016.04.003},
 issn = {0010-4655},
 journal = {Comput. Phys. Commun.},
 month = aug,
 pages = {106-131},
 publisher = {Elsevier BV},
 source = {Crossref},
 title = {Recent developments in the {ABINIT} software package},
 url = {https://doi.org/10.1016/j.cpc.2016.04.003},
 volume = {205},
 year = {2016},
}

@article{Hamann2013,
 author = {Hamann, D. R.},
 doi = {10.1103/physrevb.88.085117},
 issn = {1098-0121, 1550-235X},
 journal = {Phys. Rev. B},
 month = aug,
 number = {8},
 publisher = {American Physical Society (APS)},
 source = {Crossref},
 title = {Optimized norm-conserving Vanderbilt pseudopotentials},
 url = {https://doi.org/10.1103/physrevb.88.085117},
 volume = {88},
 year = {2013},
 pages = {085117},
}

@inproceedings{Harju2013,
 author = {Harju, Ari and Siro, Topi and Canova, Filippo Federici and Hakala, Samuli and Rantalaiho, Teemu},
 title = {Computational Physics on Graphics Processing Units},
 booktitle = {Proceedings of the 11th International Conference on Applied Parallel and Scientific Computing},
 series = {PARA'12},
 year = {2013},
 isbn = {978-3-642-36802-8},
 location = {Helsinki, Finland},
 pages = {3--26},
 numpages = {24},
 url = {http://dx.doi.org/10.1007/978-3-642-36803-5_1},
 doi = {10.1007/978-3-642-36803-5_1},
 acmid = {2451766},
 publisher = {Springer-Verlag},
 address = {Berlin, Heidelberg},
 keywords = {computational physics, graphics processing units},
} 

@article{Gull2011,
 author = {Gull, Emanuel and Millis, Andrew J. and Lichtenstein, Alexander I. and Rubtsov, Alexey N. and Troyer, Matthias and Werner, Philipp},
 doi = {10.1103/revmodphys.83.349},
 issn = {0034-6861, 1539-0756},
 journal = {Rev. Mod. Phys.},
 month = may,
 number = {2},
 pages = {349-404},
 publisher = {American Physical Society (APS)},
 source = {Crossref},
 title = {Continuous-time Monte Carlo methods for quantum impurity models},
 url = {https://doi.org/10.1103/revmodphys.83.349},
 volume = {83},
 year = {2011},
}

@book{Hellwege1985,
 doi = {10.1007/b19992},
 publisher = {Springer-Verlag},
 source = {Crossref},
 title = {Electrical Resistivity, Thermoelectrical Power and Optical Properties},
 url = {https://doi.org/10.1007/b19992},
 year = {1985},
 isbn = {354011694X},
}

@article{Haydock1980,
 author = {Haydock, Roger},
 doi = {10.1016/0010-4655(80)90101-0},
 issn = {0010-4655},
 journal = {Comput. Phys. Commun.},
 month = sep,
 number = {1},
 pages = {11-16},
 publisher = {Elsevier BV},
 source = {Crossref},
 title = {The recursive solution of the {Schrödinger} equation},
 url = {https://doi.org/10.1016/0010-4655(80)90101-0},
 volume = {20},
 year = {1980},
}

@article{Hartwigsen1998,
 author = {Hartwigsen, C. and Goedecker, S. and Hutter, J.},
 doi = {10.1103/physrevb.58.3641},
 issn = {0163-1829, 1095-3795},
 journal = {Phys. Rev. B},
 month = aug,
 number = {7},
 pages = {3641-3662},
 publisher = {American Physical Society (APS)},
 source = {Crossref},
 title = {Relativistic separable dual-space {Gaussian} pseudopotentials from H to Rn},
 url = {https://doi.org/10.1103/physrevb.58.3641},
 volume = {58},
 year = {1998},
}

@article{Harl2010,
 author = {Harl, Judith and Schimka, Laurids and Kresse, Georg},
 doi = {10.1103/physrevb.81.115126},
 issn = {1098-0121, 1550-235X},
 journal = {Phys. Rev. B},
 month = mar,
 number = {11},
 publisher = {American Physical Society (APS)},
 source = {Crossref},
 title = {Assessing the quality of the random phase approximation for lattice constants and atomization energies of solids},
 url = {https://doi.org/10.1103/physrevb.81.115126},
 volume = {81},
 year = {2010},
 pages = {115126},
}

@article{Hedin1965,
 author = {Hedin, Lars},
 doi = {10.1103/physrev.139.a796},
 issn = {0031-899X},
 journal = {Phys. Rev.},
 month = aug,
 number = {3A},
 pages = {A796-A823},
 publisher = {American Physical Society (APS)},
 source = {Crossref},
 title = {New Method for Calculating the One-Particle Green's Function with Application to the Electron-Gas Problem},
 url = {https://doi.org/10.1103/physrev.139.a796},
 volume = {139},
 year = {1965},
}

@article{Henkelman2000,
 author = {Henkelman, Graeme and Jónsson, Hannes},
 doi = {10.1063/1.1323224},
 issn = {0021-9606, 1089-7690},
 journal = {The Journal of Chemical Physics},
 month = dec,
 number = {22},
 pages = {9978-9985},
 publisher = {AIP Publishing},
 source = {Crossref},
 title = {Improved tangent estimate in the nudged elastic band method for finding minimum energy paths and saddle points},
 url = {https://doi.org/10.1063/1.1323224},
 volume = {113},
 year = {2000},
}

@article{He2014,
 author = {He, Lianhua and Liu, Fang and Hautier, Geoffroy and Oliveira, Micael J. T. and Marques, Miguel A. L. and Vila, Fernando D. and Rehr, J. J. and Rignanese, G.-M. and Zhou, Aihui},
 doi = {10.1103/physrevb.89.064305},
 issn = {1098-0121, 1550-235X},
 journal = {Phys. Rev. B},
 month = feb,
 number = {6},
 publisher = {American Physical Society (APS)},
 source = {Crossref},
 title = {Accuracy of generalized gradient approximation functionals for density-functional perturbation theory calculations},
 url = {https://doi.org/10.1103/physrevb.89.064305},
 volume = {89},
 year = {2014},
 pages = {064305},
}

@article{Holzwarth2001,
 author = {Holzwarth, N.A.W. and Tackett, A.R. and Matthews, G.E.},
 doi = {10.1016/s0010-4655(00)00244-7},
 issn = {0010-4655},
 journal = {Comput. Phys. Commun.},
 month = apr,
 number = {3},
 pages = {329-347},
 publisher = {Elsevier BV},
 source = {Crossref},
 title = {A Projector Augmented Wave {(PAW)} code for electronic structure calculations, Part I: {Atompaw} for generating atom-centered functions},
 url = {https://doi.org/10.1016/s0010-4655(00)00244-7},
 volume = {135},
 year = {2001},
}

@article{Jollet2009,
 author = {Jollet, F. and Jomard, G. and Amadon, B. and Crocombette, J. P. and Torumba, D.},
 doi = {10.1103/physrevb.80.235109},
 issn = {1098-0121, 1550-235X},
 journal = {Phys. Rev. B},
 month = dec,
 number = {23},
 publisher = {American Physical Society (APS)},
 source = {Crossref},
 title = {Hybrid functional for correlated electrons in the projector augmented-wave formalism: {Study} of multiple minima for actinide oxides},
 url = {https://doi.org/10.1103/physrevb.80.235109},
 volume = {80},
 year = {2009},
 pages = {235109},
}

@article{Hermet2009,
 author = {Hermet, P and Veithen, M and Ghosez, Ph},
 doi = {10.1088/0953-8984/21/21/215901},
 issn = {0953-8984, 1361-648X},
 journal = {J. Phys.: Condens. Matter},
 month = apr,
 number = {21},
 pages = {215901},
 publisher = {IOP Publishing},
 source = {Crossref},
 title = {Raman scattering intensities in {BaTiO3and} {PbTiO3prototypical} ferroelectrics from density functional theory},
 url = {https://doi.org/10.1088/0953-8984/21/21/215901},
 volume = {21},
 year = {2009},
}

@article{Kawasuso2005,
 author = {Kawasuso, A. and Yoshikawa, M. and Itoh, H. and Chiba, T. and Higuchi, T. and Betsuyaku, K. and Redmann, F. and Krause-Rehberg, R.},
 doi = {10.1103/physrevb.72.045204},
 issn = {1098-0121, 1550-235X},
 journal = {Phys. Rev. B},
 month = jul,
 number = {4},
 publisher = {American Physical Society (APS)},
 source = {Crossref},
 title = {Electron-positron momentum distributions associated with isolated silicon vacancies {in3C−SiC}},
 url = {https://doi.org/10.1103/physrevb.72.045204},
 volume = {72},
 year = {2005},
 pages = {045204},
}

@article{Kingsmith1993,
 author = {King-Smith, R. D. and Vanderbilt, David},
 doi = {10.1103/physrevb.47.1651},
 issn = {0163-1829, 1095-3795},
 journal = {Phys. Rev. B},
 month = jan,
 number = {3},
 pages = {1651-1654},
 publisher = {American Physical Society (APS)},
 source = {Crossref},
 title = {Theory of polarization of crystalline solids},
 url = {https://doi.org/10.1103/physrevb.47.1651},
 volume = {47},
 year = {1993},
}

@article{Hughes1996,
 author = {Hughes, James L. P. and Sipe, J. E.},
 doi = {10.1103/physrevb.53.10751},
 issn = {0163-1829, 1095-3795},
 journal = {Phys. Rev. B},
 month = apr,
 number = {16},
 pages = {10751-10763},
 publisher = {American Physical Society (APS)},
 source = {Crossref},
 title = {Calculation of second-order optical response in semiconductors},
 url = {https://doi.org/10.1103/physrevb.53.10751},
 volume = {53},
 year = {1996},
}

@article{Hohenberg1964,
 author = {Hohenberg, P. and Kohn, W.},
 doi = {10.1103/physrev.136.b864},
 issn = {0031-899X},
 journal = {Phys. Rev.},
 month = nov,
 number = {3B},
 pages = {B864-B871},
 publisher = {American Physical Society (APS)},
 source = {Crossref},
 title = {Inhomogeneous Electron Gas},
 url = {https://doi.org/10.1103/physrev.136.b864},
 volume = {136},
 year = {1964},
}

@article{Hybertsen1986,
 author = {Hybertsen, Mark S. and Louie, Steven G.},
 doi = {10.1103/physrevb.34.5390},
 issn = {0163-1829},
 journal = {Phys. Rev. B},
 month = oct,
 number = {8},
 pages = {5390-5413},
 publisher = {American Physical Society (APS)},
 source = {Crossref},
 title = {Electron correlation in semiconductors and insulators: {Band} gaps and quasiparticle energies},
 url = {https://doi.org/10.1103/physrevb.34.5390},
 volume = {34},
 year = {1986},
}

@article{Jollet2014,
 author = {Jollet, François and Torrent, Marc and Holzwarth, Natalie},
 doi = {10.1016/j.cpc.2013.12.023},
 issn = {0010-4655},
 journal = {Comput. Phys. Commun.},
 month = apr,
 number = {4},
 pages = {1246-1254},
 publisher = {Elsevier BV},
 source = {Crossref},
 title = {Generation of Projector Augmented-Wave atomic data: {A} 71 element validated table in the {XML} format},
 url = {https://doi.org/10.1016/j.cpc.2013.12.023},
 volume = {185},
 year = {2014},
}

@article{Hybertsen1985,
 author = {Hybertsen, Mark S. and Louie, Steven G.},
 doi = {10.1103/physrevlett.55.1418},
 issn = {0031-9007},
 journal = {Phys. Rev. Lett.},
 month = sep,
 number = {13},
 pages = {1418-1421},
 publisher = {American Physical Society (APS)},
 source = {Crossref},
 title = {First-Principles Theory of Quasiparticles: {Calculation} of Band Gaps in Semiconductors and Insulators},
 url = {https://doi.org/10.1103/physrevlett.55.1418},
 volume = {55},
 year = {1985},
}

@article{Kolos1960,
 author = {Kolos, W. and Roothaan, C. C. J.},
 doi = {10.1103/revmodphys.32.219},
 issn = {0034-6861},
 journal = {Rev. Mod. Phys.},
 month = apr,
 number = {2},
 pages = {219-232},
 publisher = {American Physical Society (APS)},
 source = {Crossref},
 title = {Accurate Electronic Wave Functions for {theH2Molecule}},
 url = {https://doi.org/10.1103/revmodphys.32.219},
 volume = {32},
 year = {1960},
}

@article{Kohn1965,
 author = {Kohn, W. and Sham, L. J.},
 doi = {10.1103/physrev.140.a1133},
 issn = {0031-899X},
 journal = {Phys. Rev.},
 month = nov,
 number = {4A},
 pages = {A1133-A1138},
 publisher = {American Physical Society (APS)},
 source = {Crossref},
 title = {Self-Consistent Equations Including Exchange and Correlation Effects},
 url = {https://doi.org/10.1103/physrev.140.a1133},
 volume = {140},
 year = {1965},
}

@article{Janssen2015,
 author = {Laflamme Janssen, Jonathan and Rousseau, Bruno and Côté, Michel},
 doi = {10.1103/physrevb.91.125120},
 issn = {1098-0121, 1550-235X},
 journal = {Phys. Rev. B},
 month = mar,
 number = {12},
 publisher = {American Physical Society (APS)},
 source = {Crossref},
 title = {Efficient dielectric matrix calculations using the {Lanczos} algorithm for fast many-{bodyG0W0implementations}},
 url = {https://doi.org/10.1103/physrevb.91.125120},
 volume = {91},
 year = {2015},
 pages = {125120},
}

@article{Kresse1999,
 author = {Kresse, G. and Joubert, D.},
 doi = {10.1103/physrevb.59.1758},
 issn = {0163-1829, 1095-3795},
 journal = {Phys. Rev. B},
 month = jan,
 number = {3},
 pages = {1758-1775},
 publisher = {American Physical Society (APS)},
 source = {Crossref},
 title = {From ultrasoft pseudopotentials to the projector augmented-wave method},
 url = {https://doi.org/10.1103/physrevb.59.1758},
 volume = {59},
 year = {1999},
}

@article{Kotliar2006,
 author = {Kotliar, G. and Savrasov, S. Y. and Haule, K. and Oudovenko, V. S. and Parcollet, O. and Marianetti, C. A.},
 doi = {10.1103/revmodphys.78.865},
 issn = {0034-6861, 1539-0756},
 journal = {Rev. Mod. Phys.},
 month = aug,
 number = {3},
 pages = {865-951},
 publisher = {American Physical Society (APS)},
 source = {Crossref},
 title = {Electronic structure calculations with dynamical mean-field theory},
 url = {https://doi.org/10.1103/revmodphys.78.865},
 volume = {78},
 year = {2006},
}

@article{Lebegue2010,
 author = {Lebègue, S. and Harl, J. and Gould, Tim and Ángyán, J. G. and Kresse, G. and Dobson, J. F.},
 doi = {10.1103/physrevlett.105.196401},
 issn = {0031-9007, 1079-7114},
 journal = {Phys. Rev. Lett.},
 month = nov,
 number = {19},
 publisher = {American Physical Society (APS)},
 source = {Crossref},
 title = {Cohesive Properties and Asymptotics of the Dispersion Interaction in Graphite by the Random Phase Approximation},
 url = {https://doi.org/10.1103/physrevlett.105.196401},
 volume = {105},
 year = {2010},
 pages = {196401},
}

@article{Lee1995,
 author = {Lee, Changyol and Gonze, Xavier},
 doi = {10.1103/physrevb.51.8610},
 issn = {0163-1829, 1095-3795},
 journal = {Phys. Rev. B},
 month = apr,
 number = {13},
 pages = {8610-8613},
 publisher = {American Physical Society (APS)},
 source = {Crossref},
 title = {Ab initiocalculation of the thermodynamic properties and atomic temperature factors {ofSiO2α}-quartz and stishovite},
 url = {https://doi.org/10.1103/physrevb.51.8610},
 volume = {51},
 year = {1995},
}

@book{Lindhard1954,
 author = {Lindhard, J.},
 title = {On the Properties of a Gas of Charged Particles, by J. Lindhard},
 url = {https://books.google.be/books?id=hmRuQwAACAAJ},
 year = {1954},
 publisher = {E. Munksgaard},
}

@article{Laflamme2016,
 author = {Laflamme Janssen, J. and Gillet, Y. and Poncé, S. and Martin, A. and Torrent, M. and Gonze, X.},
 doi = {10.1103/physrevb.93.205147},
 issn = {2469-9950, 2469-9969},
 journal = {Phys. Rev. B},
 month = may,
 number = {20},
 publisher = {American Physical Society (APS)},
 source = {Crossref},
 title = {Precise effective masses from density functional perturbation theory},
 url = {https://doi.org/10.1103/physrevb.93.205147},
 volume = {93},
 year = {2016},
 pages = {205147},
}

@article{Lechermann2006,
 author = {Lechermann, F. and Georges, A. and Poteryaev, A. and Biermann, S. and Posternak, M. and Yamasaki, A. and Andersen, O. K.},
 doi = {10.1103/physrevb.74.125120},
 issn = {1098-0121, 1550-235X},
 journal = {Phys. Rev. B},
 month = sep,
 number = {12},
 publisher = {American Physical Society (APS)},
 source = {Crossref},
 title = {Dynamical mean-field theory using Wannier functions: {A} flexible route to electronic structure calculations of strongly correlated materials},
 url = {https://doi.org/10.1103/physrevb.74.125120},
 volume = {74},
 year = {2006},
 pages = {125120},
}

@article{Levitt2015,
 author = {Levitt, Antoine and Torrent, Marc},
 doi = {10.1016/j.cpc.2014.10.015},
 issn = {0010-4655},
 journal = {Comput. Phys. Commun.},
 month = feb,
 pages = {98-105},
 publisher = {Elsevier BV},
 source = {Crossref},
 title = {Parallel eigensolvers in plane-wave Density Functional Theory},
 url = {https://doi.org/10.1016/j.cpc.2014.10.015},
 volume = {187},
 year = {2015},
}

@article{Ma2015,
 author = {Ma, Pui-Wai and Dudarev, S. L.},
 doi = {10.1103/physrevb.91.054420},
 issn = {1098-0121, 1550-235X},
 journal = {Phys. Rev. B},
 month = feb,
 number = {5},
 publisher = {American Physical Society (APS)},
 source = {Crossref},
 title = {Constrained density functional for noncollinear magnetism},
 url = {https://doi.org/10.1103/physrevb.91.054420},
 volume = {91},
 year = {2015},
 pages = {054420},
}

@article{Luttinger1955,
 author = {Luttinger, J. M. and Kohn, W.},
 doi = {10.1103/physrev.97.869},
 issn = {0031-899X},
 journal = {Phys. Rev.},
 month = feb,
 number = {4},
 pages = {869-883},
 publisher = {American Physical Society (APS)},
 source = {Crossref},
 title = {Motion of Electrons and Holes in Perturbed Periodic Fields},
 url = {https://doi.org/10.1103/physrev.97.869},
 volume = {97},
 year = {1955},
}

@article{Lejaeghere2014,
 author = {Lejaeghere, K. and Van Speybroeck, V. and Van Oost, G. and Cottenier, S.},
 doi = {10.1080/10408436.2013.772503},
 issn = {1040-8436, 1547-6561},
 journal = {Crit. Rev. Solid State Mater. Sci.},
 month = oct,
 number = {1},
 pages = {1-24},
 publisher = {Informa UK Limited},
 source = {Crossref},
 title = {Error Estimates for Solid-State Density-Functional Theory Predictions: {An} Overview by Means of the Ground-State Elemental Crystals},
 url = {https://doi.org/10.1080/10408436.2013.772503},
 volume = {39},
 year = {2013},
}

@article{Maintz2012,
 author = {Maintz, Stefan and Eck, Bernhard and Dronskowski, Richard},
 doi = {10.1016/j.cpc.2011.03.010},
 issn = {0010-4655},
 journal = {Comput. Phys. Commun.},
 month = jul,
 number = {7},
 pages = {1421-1427},
 publisher = {Elsevier BV},
 source = {Crossref},
 title = {Speeding up plane-wave electronic-structure calculations using graphics-processing units},
 url = {https://doi.org/10.1016/j.cpc.2011.03.010},
 volume = {182},
 year = {2011},
}

@article{Liechtenstein1995,
 author = {Liechtenstein, A. I. and Anisimov, V. I. and Zaanen, J.},
 doi = {10.1103/physrevb.52.r5467},
 issn = {0163-1829, 1095-3795},
 journal = {Phys. Rev. B},
 month = aug,
 number = {8},
 pages = {R5467-R5470},
 publisher = {American Physical Society (APS)},
 source = {Crossref},
 title = {Density-functional theory and strong interactions: {Orbital} ordering in Mott-Hubbard insulators},
 url = {https://doi.org/10.1103/physrevb.52.r5467},
 volume = {52},
 year = {1995},
}

@article{Marek2014,
 author = {Marek, A and Blum, V and Johanni, R and Havu, V and Lang, B and Auckenthaler, T and Heinecke, A and Bungartz, H-J and Lederer, H},
 doi = {10.1088/0953-8984/26/21/213201},
 issn = {0953-8984, 1361-648X},
 journal = {J. Phys.: Condens. Matter},
 month = may,
 number = {21},
 pages = {213201},
 publisher = {IOP Publishing},
 source = {Crossref},
 title = {The {ELPA} library: {Scalable} parallel eigenvalue solutions for electronic structure theory and computational science},
 url = {https://doi.org/10.1088/0953-8984/26/21/213201},
 volume = {26},
 year = {2014},
}

@article{Marques2012,
 author = {Marques, Miguel A.L. and Oliveira, Micael J.T. and Burnus, Tobias},
 doi = {10.1016/j.cpc.2012.05.007},
 issn = {0010-4655},
 journal = {Comput. Phys. Commun.},
 month = oct,
 number = {10},
 pages = {2272-2281},
 publisher = {Elsevier BV},
 source = {Crossref},
 title = {Libxc: {A} library of exchange and correlation functionals for density functional theory},
 url = {https://doi.org/10.1016/j.cpc.2012.05.007},
 volume = {183},
 year = {2012},
}

@article{Methfessel1989,
 author = {Methfessel, M. and Paxton, A. T.},
 doi = {10.1103/physrevb.40.3616},
 issn = {0163-1829},
 journal = {Phys. Rev. B},
 month = aug,
 number = {6},
 pages = {3616-3621},
 publisher = {American Physical Society (APS)},
 source = {Crossref},
 title = {High-precision sampling for Brillouin-zone integration in metals},
 url = {https://doi.org/10.1103/physrevb.40.3616},
 volume = {40},
 year = {1989},
}

@article{Marx1996,
 author = {Marx, Dominik and Parrinello, Michele},
 doi = {10.1063/1.471221},
 issn = {0021-9606, 1089-7690},
 journal = {The Journal of Chemical Physics},
 month = mar,
 number = {11},
 pages = {4077-4082},
 publisher = {AIP Publishing},
 source = {Crossref},
 title = {Ab initio path integral molecular dynamics: {Basic} ideas},
 url = {https://doi.org/10.1063/1.471221},
 volume = {104},
 year = {1996},
}

@article{Mecholsky2014,
 author = {Mecholsky, Nicholas A. and Resca, Lorenzo and Pegg, Ian L. and Fornari, Marco},
 doi = {10.1103/physrevb.89.155131},
 issn = {1098-0121, 1550-235X},
 journal = {Phys. Rev. B},
 month = apr,
 number = {15},
 pages = {155131},
 publisher = {American Physical Society (APS)},
 source = {Crossref},
 title = {Theory of band warping and its effects on thermoelectronic transport properties},
 url = {https://doi.org/10.1103/physrevb.89.155131},
 volume = {89},
 year = {2014},
}

@article{Momma2011,
 author = {Momma, Koichi and Izumi, Fujio},
 doi = {10.1107/s0021889811038970},
 issn = {0021-8898},
 journal = {J Appl Cryst},
 month = oct,
 number = {6},
 pages = {1272-1276},
 publisher = {International Union of Crystallography (IUCr)},
 source = {Crossref},
 title = {{VESTA} 3for three-dimensional visualization of crystal, volumetric and morphology data},
 url = {https://doi.org/10.1107/s0021889811038970},
 volume = {44},
 year = {2011},
}

@article{Medeiros2014,
 author = {Medeiros, Paulo V. C. and Stafström, Sven and Björk, Jonas},
 doi = {10.1103/physrevb.89.041407},
 issn = {1098-0121, 1550-235X},
 journal = {Phys. Rev. B},
 month = jan,
 number = {4},
 pages = {041407},
 publisher = {American Physical Society (APS)},
 source = {Crossref},
 title = {Effects of extrinsic and intrinsic perturbations on the electronic structure of graphene: {Retaining} an effective primitive cell band structure by band unfolding},
 url = {https://doi.org/10.1103/physrevb.89.041407},
 volume = {89},
 year = {2014},
}

@article{Nunes2001,
 author = {Nunes, R. W. and Gonze, Xavier},
 doi = {10.1103/physrevb.63.155107},
 issn = {0163-1829, 1095-3795},
 journal = {Phys. Rev. B},
 month = mar,
 number = {15},
 pages = {155107},
 publisher = {American Physical Society (APS)},
 source = {Crossref},
 title = {Berry-phase treatment of the homogeneous electric field perturbation in insulators},
 url = {https://doi.org/10.1103/physrevb.63.155107},
 volume = {63},
 year = {2001},
}

@article{Mills1994,
 author = {Mills, Greg and Jónsson, Hannes},
 doi = {10.1103/physrevlett.72.1124},
 issn = {0031-9007},
 journal = {Phys. Rev. Lett.},
 month = feb,
 number = {7},
 pages = {1124-1127},
 publisher = {American Physical Society (APS)},
 source = {Crossref},
 title = {Quantum and thermal effects {inH2dissociative} adsorption: {Evaluation} of free energy barriers in multidimensional quantum systems},
 url = {https://doi.org/10.1103/physrevlett.72.1124},
 volume = {72},
 year = {1994},
}

@article{Nieminen1985,
 author = {Nieminen, R. M. and Boronski, E. and Lantto, L. J.},
 doi = {10.1103/physrevb.32.1377},
 issn = {0163-1829},
 journal = {Phys. Rev. B},
 month = jul,
 number = {2},
 pages = {1377-1379},
 publisher = {American Physical Society (APS)},
 source = {Crossref},
 title = {Two-component density-functional theory: {Application} to positron states},
 url = {https://doi.org/10.1103/physrevb.32.1377},
 volume = {32},
 year = {1985},
}

@article{Onida2002,
 author = {Onida, Giovanni and Reining, Lucia and Rubio, Angel},
 doi = {10.1103/revmodphys.74.601},
 issn = {0034-6861, 1539-0756},
 journal = {Rev. Mod. Phys.},
 month = jun,
 number = {2},
 pages = {601-659},
 publisher = {American Physical Society (APS)},
 source = {Crossref},
 title = {Electronic excitations: {{Density}-functional} versus many-body Green’s-function approaches},
 url = {https://doi.org/10.1103/revmodphys.74.601},
 volume = {74},
 year = {2002},
}

@article{Pickett1988,
 author = {Pickett, Warren E. and Krakauer, Henry and Allen, Philip B.},
 doi = {10.1103/physrevb.38.2721},
 issn = {0163-1829},
 journal = {Phys. Rev. B},
 month = aug,
 number = {4},
 pages = {2721-2726},
 publisher = {American Physical Society (APS)},
 source = {Crossref},
 title = {Smooth {Fourier} interpolation of periodic functions},
 url = {https://doi.org/10.1103/physrevb.38.2721},
 volume = {38},
 year = {1988},
}

@article{Perdew1981,
 author = {Perdew, J. P. and Zunger, Alex},
 doi = {10.1103/physrevb.23.5048},
 issn = {0163-1829},
 journal = {Phys. Rev. B},
 month = may,
 number = {10},
 pages = {5048-5079},
 publisher = {American Physical Society (APS)},
 source = {Crossref},
 title = {Self-interaction correction to density-functional approximations for many-electron systems},
 url = {https://doi.org/10.1103/physrevb.23.5048},
 volume = {23},
 year = {1981},
}

@article{Perrot1979,
 author = {Perrot, F.},
 doi = {10.1103/physreva.20.586},
 issn = {0556-2791},
 journal = {Phys. Rev. A},
 month = aug,
 number = {2},
 pages = {586-594},
 publisher = {American Physical Society (APS)},
 source = {Crossref},
 title = {Gradient correction to the statistical electronic free energy at nonzero temperatures: {Application} to equation-of-state calculations},
 url = {https://doi.org/10.1103/physreva.20.586},
 volume = {20},
 year = {1979},
}

@article{Ponce2014,
 author = {Poncé, S. and Antonius, G. and Boulanger, P. and Cannuccia, E. and Marini, A. and Côté, M. and Gonze, X.},
 doi = {10.1016/j.commatsci.2013.11.031},
 issn = {0927-0256},
 journal = {Computational Materials Science},
 month = feb,
 pages = {341-348},
 publisher = {Elsevier BV},
 source = {Crossref},
 title = {Verification of first-principles codes: {Comparison} of total energies, phonon frequencies, electron–phonon coupling and zero-point motion correction to the gap between {ABINIT} and {QE/Yambo}},
 url = {https://doi.org/10.1016/j.commatsci.2013.11.031},
 volume = {83},
 year = {2014},
}

@article{Ong2013,
 author = {Ong, Shyue Ping and Richards, William Davidson and Jain, Anubhav and Hautier, Geoffroy and Kocher, Michael and Cholia, Shreyas and Gunter, Dan and Chevrier, Vincent L. and Persson, Kristin A. and Ceder, Gerbrand},
 doi = {10.1016/j.commatsci.2012.10.028},
 issn = {0927-0256},
 journal = {Computational Materials Science},
 month = feb,
 pages = {314-319},
 publisher = {Elsevier BV},
 source = {Crossref},
 title = {Python Materials Genomics (pymatgen): {A} robust, open-source python library for materials analysis},
 url = {https://doi.org/10.1016/j.commatsci.2012.10.028},
 volume = {68},
 year = {2013},
}

@article{Popescu2010,
 author = {Popescu, Voicu and Zunger, Alex},
 doi = {10.1103/physrevlett.104.236403},
 issn = {0031-9007, 1079-7114},
 journal = {Phys. Rev. Lett.},
 month = jun,
 number = {23},
 publisher = {American Physical Society (APS)},
 source = {Crossref},
 title = {Effective Band Structure of Random Alloys},
 url = {https://doi.org/10.1103/physrevlett.104.236403},
 volume = {104},
 year = {2010},
 pages = {236403},
}

@article{Petrilli1998,
 author = {Petrilli, Helena M. and Blöchl, Peter E. and Blaha, Peter and Schwarz, Karlheinz},
 doi = {10.1103/physrevb.57.14690},
 issn = {0163-1829, 1095-3795},
 journal = {Phys. Rev. B},
 month = jun,
 number = {23},
 pages = {14690-14697},
 publisher = {American Physical Society (APS)},
 source = {Crossref},
 title = {Electric-field-gradient calculations using the projector augmented wave method},
 url = {https://doi.org/10.1103/physrevb.57.14690},
 volume = {57},
 year = {1998},
}

@article{Ponce2014a,
 author = {Poncé, S. and Antonius, G. and Gillet, Y. and Boulanger, P. and Laflamme Janssen, J. and Marini, A. and Côté, M. and Gonze, X.},
 doi = {10.1103/physrevb.90.214304},
 issn = {1098-0121, 1550-235X},
 journal = {Phys. Rev. B},
 month = dec,
 number = {21},
 publisher = {American Physical Society (APS)},
 source = {Crossref},
 title = {Temperature dependence of electronic eigenenergies in the adiabatic harmonic approximation},
 url = {https://doi.org/10.1103/physrevb.90.214304},
 volume = {90},
 year = {2014},
 pages = {214304},
}

@article{Ponce2015,
 author = {Poncé, S. and Gillet, Y. and Laflamme Janssen, J. and Marini, A. and Verstraete, M. and Gonze, X.},
 doi = {10.1063/1.4927081},
 issn = {0021-9606, 1089-7690},
 journal = {The Journal of Chemical Physics},
 month = sep,
 number = {10},
 pages = {102813},
 publisher = {AIP Publishing},
 source = {Crossref},
 title = {Temperature dependence of the electronic structure of semiconductors and insulators},
 url = {https://doi.org/10.1063/1.4927081},
 volume = {143},
 year = {2015},
}

@article{Pickard2001,
 author = {Pickard, Chris J. and Mauri, Francesco},
 doi = {10.1103/physrevb.63.245101},
 issn = {0163-1829, 1095-3795},
 journal = {Phys. Rev. B},
 month = may,
 number = {24},
 publisher = {American Physical Society (APS)},
 source = {Crossref},
 title = {All-electron magnetic response with pseudopotentials: {Nmr} chemical shifts},
 url = {https://doi.org/10.1103/physrevb.63.245101},
 volume = {63},
 year = {2001},
 pages = {245101},
}

@article{Pouillon2011,
 author = {Pouillon, Yann and Beuken, Jean-Michel and Deutsch, Thierry and Torrent, Marc and Gonze, Xavier},
 doi = {10.1109/mcse.2011.13},
 issn = {1521-9615},
 journal = {Comput. Sci. Eng.},
 month = jan,
 number = {1},
 pages = {62-69},
 publisher = {Institute of Electrical and Electronics Engineers (IEEE)},
 source = {Crossref},
 title = {Organizing Software Growth and Distributed Development: {The} Case of Abinit},
 url = {https://doi.org/10.1109/mcse.2011.13},
 volume = {13},
 year = {2011},
}

@article{Payne1992,
 author = {Payne, M. C. and Teter, M. P. and Allan, D. C. and Arias, T. A. and Joannopoulos, J. D.},
 doi = {10.1103/revmodphys.64.1045},
 issn = {0034-6861, 1539-0756},
 journal = {Rev. Mod. Phys.},
 month = oct,
 number = {4},
 pages = {1045-1097},
 publisher = {American Physical Society (APS)},
 source = {Crossref},
 title = {Iterative minimization techniques for ab initio total-energy calculations: {Molecular} dynamics and conjugate gradients},
 url = {https://doi.org/10.1103/revmodphys.64.1045},
 volume = {64},
 year = {1992},
}

@article{Popescu2012,
 author = {Popescu, Voicu and Zunger, Alex},
 doi = {10.1103/physrevb.85.085201},
 issn = {1098-0121, 1550-235X},
 journal = {Phys. Rev. B},
 month = feb,
 number = {8},
 publisher = {American Physical Society (APS)},
 source = {Crossref},
 title = {{ExtractingEversusk⃗effective} band structure from supercell calculations on alloys and impurities},
 url = {https://doi.org/10.1103/physrevb.85.085201},
 volume = {85},
 year = {2012},
 pages = {085201},
}

@article{Profeta2003,
 author = {Profeta, Mickael and Mauri, Francesco and Pickard, Chris J.},
 doi = {10.1021/ja027124r},
 issn = {0002-7863, 1520-5126},
 journal = {J. Am. Chem. Soc.},
 month = jan,
 number = {2},
 pages = {541-548},
 publisher = {American Chemical Society (ACS)},
 source = {Crossref},
 title = {Accurate First Principles Prediction {of17O} {NMR} Parameters in {SiO2:} {Assignment} of the Zeolite Ferrierite Spectrum},
 url = {https://doi.org/10.1021/ja027124r},
 volume = {125},
 year = {2003},
}

@article{Rauch2011,
 author = {Rauch, Christian and Makkonen, Ilja and Tuomisto, Filip},
 doi = {10.1103/physrevb.84.125201},
 issn = {1098-0121, 1550-235X},
 journal = {Phys. Rev. B},
 month = sep,
 number = {12},
 publisher = {American Physical Society (APS)},
 source = {Crossref},
 title = {Identifying vacancy complexes in compound semiconductors with positron annihilation spectroscopy: {A} case study of {InN}},
 url = {https://doi.org/10.1103/physrevb.84.125201},
 volume = {84},
 year = {2011},
 pages = {125201},
}

@article{Resta1994,
 author = {Resta, Raffaele},
 doi = {10.1103/revmodphys.66.899},
 issn = {0034-6861, 1539-0756},
 journal = {Rev. Mod. Phys.},
 month = jul,
 number = {3},
 pages = {899-915},
 publisher = {American Physical Society (APS)},
 source = {Crossref},
 title = {Macroscopic polarization in crystalline dielectrics: {The} geometric phase approach},
 url = {https://doi.org/10.1103/revmodphys.66.899},
 volume = {66},
 year = {1994},
}

@article{Puska1995,
 author = {Puska, M. J. and Seitsonen, Ari P. and Nieminen, R. M.},
 doi = {10.1103/physrevb.52.10947},
 issn = {0163-1829, 1095-3795},
 journal = {Phys. Rev. B},
 month = oct,
 number = {15},
 pages = {10947-10961},
 publisher = {American Physical Society (APS)},
 source = {Crossref},
 title = {Electron-positron Car-Parrinello methods: {{Self}-consistent} treatment of charge densities and ionic relaxations},
 url = {https://doi.org/10.1103/physrevb.52.10947},
 volume = {52},
 year = {1995},
}

@article{Rappe1990,
 author = {Rappe, Andrew M. and Rabe, Karin M. and Kaxiras, Efthimios and Joannopoulos, J. D.},
 doi = {10.1103/physrevb.41.1227},
 issn = {0163-1829, 1095-3795},
 journal = {Phys. Rev. B},
 month = jan,
 number = {2},
 pages = {1227-1230},
 publisher = {American Physical Society (APS)},
 source = {Crossref},
 title = {Optimized pseudopotentials},
 url = {https://doi.org/10.1103/physrevb.41.1227},
 volume = {41},
 year = {1990},
}

@article{Rangel2016,
 author = {Rangel, T. and Caliste, D. and Genovese, L. and Torrent, M.},
 doi = {10.1016/j.cpc.2016.06.012},
 issn = {0010-4655},
 journal = {Comput. Phys. Commun.},
 month = nov,
 pages = {1-8},
 publisher = {Elsevier BV},
 source = {Crossref},
 title = {A wavelet-based Projector Augmented-Wave {(PAW)} method: {Reaching} frozen-core all-electron precision with a systematic, adaptive and localized wavelet basis set},
 url = {https://doi.org/10.1016/j.cpc.2016.06.012},
 volume = {208},
 year = {2016},
}

@article{Puska1994,
 author = {Puska, M. J. and Nieminen, R. M.},
 doi = {10.1103/revmodphys.66.841},
 issn = {0034-6861, 1539-0756},
 journal = {Rev. Mod. Phys.},
 month = jul,
 number = {3},
 pages = {841-897},
 publisher = {American Physical Society (APS)},
 source = {Crossref},
 title = {Theory of positrons in solids and on solid surfaces},
 url = {https://doi.org/10.1103/revmodphys.66.841},
 volume = {66},
 year = {1994},
}

@article{Rutishauser1970,
 author = {Rutishauser, H.},
 doi = {10.1007/bf02219773},
 issn = {0029-599X, 0945-3245},
 journal = {Numer. Math.},
 month = dec,
 number = {3},
 pages = {205-223},
 publisher = {Springer Nature},
 source = {Crossref},
 title = {Simultaneous iteration method for symmetric matrices},
 url = {https://doi.org/10.1007/bf02219773},
 volume = {16},
 year = {1970},
}

@article{Rieger1999,
 author = {Rieger, Martin M. and Steinbeck, L. and White, I.D. and Rojas, H.N. and Godby, R.W.},
 doi = {10.1016/s0010-4655(98)00174-x},
 issn = {0010-4655},
 journal = {Comput. Phys. Commun.},
 month = mar,
 number = {3},
 pages = {211-228},
 publisher = {Elsevier BV},
 source = {Crossref},
 title = {The {GW} space-time method for the self-energy of large systems},
 url = {https://doi.org/10.1016/s0010-4655(98)00174-x},
 volume = {117},
 year = {1999},
}

@article{Restrepo2009,
 author = {Restrepo, O. D. and Varga, K. and Pantelides, S. T.},
 doi = {10.1063/1.3147189},
 issn = {0003-6951, 1077-3118},
 journal = {Appl. Phys. Lett.},
 month = may,
 number = {21},
 pages = {212103},
 publisher = {AIP Publishing},
 source = {Crossref},
 title = {First-principles calculations of electron mobilities in silicon: {Phonon} and Coulomb scattering},
 url = {https://doi.org/10.1063/1.3147189},
 volume = {94},
 year = {2009},
}

@article{Romanperez2009,
 author = {Román-Pérez, Guillermo and Soler, José M.},
 doi = {10.1103/physrevlett.103.096102},
 issn = {0031-9007, 1079-7114},
 journal = {Phys. Rev. Lett.},
 month = aug,
 number = {9},
 publisher = {American Physical Society (APS)},
 source = {Crossref},
 title = {Efficient Implementation of a van der Waals Density Functional: {Application} to Double-Wall Carbon Nanotubes},
 url = {https://doi.org/10.1103/physrevlett.103.096102},
 volume = {103},
 year = {2009},
 pages = {096102},
}

@article{Savrasov1996,
 author = {Savrasov, S. Y. and Savrasov, D. Y.},
 doi = {10.1103/physrevb.54.16487},
 issn = {0163-1829, 1095-3795},
 journal = {Phys. Rev. B},
 month = dec,
 number = {23},
 pages = {16487-16501},
 publisher = {American Physical Society (APS)},
 source = {Crossref},
 title = {Electron-phonon interactions and related physical properties of metals from linear-response theory},
 url = {https://doi.org/10.1103/physrevb.54.16487},
 volume = {54},
 year = {1996},
}

@article{Sharma2004,
 author = {Sharma, S. and Ambrosch-Draxl, C.},
 doi = {10.1238/physica.topical.109a00128},
 issn = {0031-8949},
 journal = {Phys. Scr.},
 pages = {128},
 publisher = {IOP Publishing},
 source = {Crossref},
 title = {Second-Harmonic Optical Response from First Principles},
 url = {https://doi.org/10.1238/physica.topical.109a00128},
 volume = {T109},
 year = {2004},
}

@article{Rohlfing2000,
 author = {Rohlfing, Michael and Louie, Steven G.},
 doi = {10.1103/physrevb.62.4927},
 issn = {0163-1829, 1095-3795},
 journal = {Phys. Rev. B},
 month = aug,
 number = {8},
 pages = {4927-4944},
 publisher = {American Physical Society (APS)},
 source = {Crossref},
 title = {Electron-hole excitations and optical spectra from first principles},
 url = {https://doi.org/10.1103/physrevb.62.4927},
 volume = {62},
 year = {2000},
}

@article{Sakuma2013,
 author = {Sakuma, R. and Aryasetiawan, F.},
 doi = {10.1103/physrevb.87.165118},
 issn = {1098-0121, 1550-235X},
 journal = {Phys. Rev. B},
 month = apr,
 number = {16},
 publisher = {American Physical Society (APS)},
 source = {Crossref},
 title = {First-principles calculations of dynamical screened interactions for the transition metal {oxidesMO} {(M=Mn,} Fe, Co, Ni)},
 url = {https://doi.org/10.1103/physrevb.87.165118},
 volume = {87},
 year = {2013},
 pages = {165118},
}

@article{Silvestrelli2008,
 author = {Silvestrelli, Pier Luigi},
 doi = {10.1103/physrevlett.100.053002},
 issn = {0031-9007, 1079-7114},
 journal = {Phys. Rev. Lett.},
 month = feb,
 number = {5},
 publisher = {American Physical Society (APS)},
 source = {Crossref},
 title = {Van der Waals Interactions in {DFT} Made Easy by Wannier Functions},
 url = {https://doi.org/10.1103/physrevlett.100.053002},
 volume = {100},
 year = {2008},
 pages = {053002},
}

@article{Sharma2003,
 author = {Sharma, S. and Dewhurst, J. K. and Ambrosch-Draxl, C.},
 doi = {10.1103/physrevb.67.165332},
 issn = {0163-1829, 1095-3795},
 journal = {Phys. Rev. B},
 month = apr,
 number = {16},
 publisher = {American Physical Society (APS)},
 source = {Crossref},
 title = {Linear and second-order optical response of {III}-{V} monolayer superlattices},
 url = {https://doi.org/10.1103/physrevb.67.165332},
 volume = {67},
 year = {2003},
 pages = {165332},
}

@article{Silvestrelli2009,
 author = {Silvestrelli, Pier Luigi},
 doi = {10.1021/jp811138n},
 issn = {1089-5639, 1520-5215},
 journal = {J. Phys. Chem. A},
 month = apr,
 number = {17},
 pages = {5224-5234},
 publisher = {American Chemical Society (ACS)},
 source = {Crossref},
 title = {van der Waals Interactions in Density Functional Theory Using Wannier Functions},
 url = {http://dx.doi.org/10.1021/jp811138n},
 volume = {113},
 year = {2009},
}

@article{Rubel2014,
 author = {Rubel, O. and Bokhanchuk, A. and Ahmed, S. J. and Assmann, E.},
 doi = {10.1103/physrevb.90.115202},
 issn = {1098-0121, 1550-235X},
 journal = {Phys. Rev. B},
 month = sep,
 number = {11},
 publisher = {American Physical Society (APS)},
 source = {Crossref},
 title = {Unfolding the band structure of disordered solids: {From} bound states to high-mobility Kane fermions},
 url = {https://doi.org/10.1103/physrevb.90.115202},
 volume = {90},
 year = {2014},
 pages = {115202},
}

@article{Savin1992,
 author = {Savin, Andreas and Jepsen, Ove and Flad, Jürgen and Andersen, Ole Krogh and Preuss, Heinzwerner and von Schnering, Hans Georg},
 doi = {10.1002/anie.199201871},
 issn = {0570-0833, 1521-3773},
 journal = {Angew. Chem. Int. Ed. Engl.},
 month = feb,
 number = {2},
 pages = {187-188},
 publisher = {Wiley-Blackwell},
 source = {Crossref},
 title = {Electron Localization in Solid-State Structures of the Elements: {The} Diamond Structure},
 url = {https://doi.org/10.1002/anie.199201871},
 volume = {31},
 year = {1992},
}

@article{Souza2002,
 author = {Souza, Ivo and Íñiguez, Jorge and Vanderbilt, David},
 doi = {10.1103/physrevlett.89.117602},
 issn = {0031-9007, 1079-7114},
 journal = {Phys. Rev. Lett.},
 month = aug,
 number = {11},
 publisher = {American Physical Society (APS)},
 source = {Crossref},
 title = {First-Principles Approach to Insulators in Finite Electric Fields},
 url = {https://doi.org/10.1103/physrevlett.89.117602},
 volume = {89},
 year = {2002},
 pages = {117602},
}

@article{Snyder2008,
 author = {Snyder, G. Jeffrey and Toberer, Eric S.},
 doi = {10.1038/nmat2090},
 issn = {1476-1122, 1476-4660},
 journal = {Nature Mater},
 month = feb,
 number = {2},
 pages = {105-114},
 publisher = {Springer Nature},
 source = {Crossref},
 title = {Complex thermoelectric materials},
 url = {https://doi.org/10.1038/nmat2090},
 volume = {7},
 year = {2008},
}

@article{Silvestrelli2013,
 author = {Silvestrelli, Pier Luigi},
 doi = {10.1063/1.4816964},
 issn = {0021-9606, 1089-7690},
 journal = {The Journal of Chemical Physics},
 month = aug,
 number = {5},
 pages = {054106},
 publisher = {AIP Publishing},
 source = {Crossref},
 title = {Van der Waals interactions in density functional theory by combining the quantum harmonic oscillator-model with localized Wannier functions},
 url = {https://doi.org/10.1063/1.4816964},
 volume = {139},
 year = {2013},
}

@article{Troullier1991,
 author = {Troullier, N. and Martins, José Luriaas},
 title = {Efficient pseudopotentials for plane-wave calculations},
 journal = {Phys. Rev. B},
 volume = {43},
 issue = {3},
 pages = {1993-2006},
 numpages = {0},
 year = {1991},
 month = jan,
 publisher = {American Physical Society (APS)},
 doi = {10.1103/physrevb.43.1993},
 url = {https://doi.org/10.1103/physrevb.43.1993},
 number = {3},
 source = {Crossref},
 issn = {0163-1829, 1095-3795},
}

@article{Sipe1993,
 author = {Sipe, J. E. and Ghahramani, Ed},
 doi = {10.1103/physrevb.48.11705},
 issn = {0163-1829, 1095-3795},
 journal = {Phys. Rev. B},
 month = oct,
 number = {16},
 pages = {11705-11722},
 publisher = {American Physical Society (APS)},
 source = {Crossref},
 title = {Nonlinear optical response of semiconductors in the independent-particle approximation},
 url = {https://doi.org/10.1103/physrevb.48.11705},
 volume = {48},
 year = {1993},
}

@article{Sterne1991,
 author = {Sterne, P. A. and Kaiser, J. H.},
 doi = {10.1103/physrevb.43.13892},
 issn = {0163-1829, 1095-3795},
 journal = {Phys. Rev. B},
 month = jun,
 number = {17},
 pages = {13892-13898},
 publisher = {American Physical Society (APS)},
 source = {Crossref},
 title = {First-principles calculation of positron lifetimes in solids},
 url = {https://doi.org/10.1103/physrevb.43.13892},
 volume = {43},
 year = {1991},
}

@article{Shih2012,
 author = {Shih, Bi-Ching and Zhang, Yubo and Zhang, Wenqing and Zhang, Peihong},
 doi = {10.1103/physrevb.85.045132},
 issn = {1098-0121, 1550-235X},
 journal = {Phys. Rev. B},
 month = jan,
 number = {4},
 publisher = {American Physical Society (APS)},
 source = {Crossref},
 title = {Screened Coulomb interaction of localized electrons in solids from first principles},
 url = {https://doi.org/10.1103/physrevb.85.045132},
 volume = {85},
 year = {2012},
 pages = {045132},
}

@article{Tuckerman1996,
 author = {Tuckerman, Mark E. and Marx, Dominik and Klein, Michael L. and Parrinello, Michele},
 doi = {10.1063/1.471771},
 issn = {0021-9606, 1089-7690},
 journal = {The Journal of Chemical Physics},
 month = apr,
 number = {14},
 pages = {5579-5588},
 publisher = {AIP Publishing},
 source = {Crossref},
 title = {Efficient and general algorithms for path integral {Car–Parrinello} molecular dynamics},
 url = {https://doi.org/10.1063/1.471771},
 volume = {104},
 year = {1996},
}

@article{Vanderbilt1998,
 author = {Vanderbilt, D. and {K}ing-{S}mith, R. D.},
 eprint = {9801177},
 journal = {arXiv/cond-mat},
 title = {Electronic polarization in the ultrasoft pseudopotential formalism},
 url = {https://arxiv.org/abs/cond-mat/9801177},
 year = {1998},
}

@article{Vantroeye2016,
 author = {Van Troeye, Benoit and Torrent, Marc and Gonze, Xavier},
 doi = {10.1103/physrevb.93.144304},
 issn = {2469-9950, 2469-9969},
 journal = {Phys. Rev. B},
 month = apr,
 number = {14},
 publisher = {American Physical Society (APS)},
 source = {Crossref},
 title = {Interatomic force constants including the {DFT}-D dispersion contribution},
 url = {https://doi.org/10.1103/physrevb.93.144304},
 volume = {93},
 year = {2016},
 pages = {144304},
}

@article{Tran2009,
 author = {Tran, Fabien and Blaha, Peter},
 doi = {10.1103/physrevlett.102.226401},
 issn = {0031-9007, 1079-7114},
 journal = {Phys. Rev. Lett.},
 month = jun,
 number = {22},
 publisher = {American Physical Society (APS)},
 source = {Crossref},
 title = {Accurate Band Gaps of Semiconductors and Insulators with a Semilocal Exchange-Correlation Potential},
 url = {https://doi.org/10.1103/physrevlett.102.226401},
 volume = {102},
 year = {2009},
 pages = {226401},
}

@article{Torrent2008,
 author = {Torrent, Marc and Jollet, François and Bottin, François and Zérah, Gilles and Gonze, Xavier},
 doi = {10.1016/j.commatsci.2007.07.020},
 issn = {0927-0256},
 journal = {Computational Materials Science},
 month = apr,
 number = {2},
 pages = {337-351},
 publisher = {Elsevier BV},
 source = {Crossref},
 title = {Implementation of the projector augmented-wave method in the {ABINIT} code: {Application} to the study of iron under pressure},
 url = {https://doi.org/10.1016/j.commatsci.2007.07.020},
 volume = {42},
 year = {2008},
}

@article{Vasiliev1998,
 author = {Vasiliev, Igor and Öğüt, Serdar and Chelikowsky, James R.},
 doi = {10.1103/physrevlett.82.1919},
 issn = {0031-9007, 1079-7114},
 journal = {Phys. Rev. Lett.},
 month = mar,
 number = {9},
 pages = {1919-1922},
 publisher = {American Physical Society (APS)},
 source = {Crossref},
 title = {Ab {InitioExcitation} Spectra and Collective Electronic Response in Atoms and Clusters},
 url = {https://doi.org/10.1103/physrevlett.82.1919},
 volume = {82},
 year = {1999},
}

@article{Tuomisto2013,
 author = {Tuomisto, Filip and Makkonen, Ilja},
 doi = {10.1103/revmodphys.85.1583},
 issn = {0034-6861, 1539-0756},
 journal = {Rev. Mod. Phys.},
 month = nov,
 number = {4},
 pages = {1583-1631},
 publisher = {American Physical Society (APS)},
 source = {Crossref},
 title = {Defect identification in semiconductors with positron annihilation: {Experiment} and theory},
 url = {https://doi.org/10.1103/revmodphys.85.1583},
 volume = {85},
 year = {2013},
}

@article{Uehara2000,
 author = {Uehara, Kentaro and Tse, John S.},
 doi = {10.1103/physrevb.61.1639},
 issn = {0163-1829, 1095-3795},
 journal = {Phys. Rev. B},
 month = jan,
 number = {3},
 pages = {1639-1642},
 publisher = {American Physical Society (APS)},
 source = {Crossref},
 title = {Calculations of transport properties with the linearized augmented plane-wave method},
 url = {https://doi.org/10.1103/physrevb.61.1639},
 volume = {61},
 year = {2000},
}

@article{Vaugier2012,
 author = {Vaugier, Loïg and Jiang, Hong and Biermann, Silke},
 doi = {10.1103/physrevb.86.165105},
 issn = {1098-0121, 1550-235X},
 journal = {Phys. Rev. B},
 month = oct,
 number = {16},
 publisher = {American Physical Society (APS)},
 source = {Crossref},
 title = {{HubbardUand} Hund {exchangeJin} transition metal oxides: {Screening} versus localization trends from constrained random phase approximation},
 url = {https://doi.org/10.1103/physrevb.86.165105},
 volume = {86},
 year = {2012},
 pages = {165105},
}

@article{Veithen2005,
 author = {Veithen, M. and Gonze, X. and Ghosez, Ph.},
 doi = {10.1103/physrevb.71.125107},
 issn = {1098-0121, 1550-235X},
 journal = {Phys. Rev. B},
 month = mar,
 number = {12},
 publisher = {American Physical Society (APS)},
 source = {Crossref},
 title = {Nonlinear optical susceptibilities, Raman efficiencies, and electro-optic tensors from first-principles density functional perturbation theory},
 url = {https://doi.org/10.1103/physrevb.71.125107},
 volume = {71},
 year = {2005},
 pages = {125107},
}

@article{Wang1998,
 author = {Wang, L.-W. and Bellaiche, L. and Wei, S.-H. and Zunger, A.},
 doi = {10.1103/physrevlett.80.4725},
 issn = {0031-9007, 1079-7114},
 journal = {Phys. Rev. Lett.},
 month = may,
 number = {21},
 pages = {4725-4728},
 publisher = {American Physical Society (APS)},
 source = {Crossref},
 title = {{“Majority} Representation” of Alloy Electronic States},
 url = {https://doi.org/10.1103/physrevlett.80.4725},
 volume = {80},
 year = {1998},
}

@article{Wang2013,
 author = {Wang, Heng and LaLonde, Aaron D. and Pei, Yanzhong and Snyder, G. Jeffery},
 doi = {10.1002/adfm.201201576},
 issn = {1616-301X},
 journal = {Adv. Funct. Mater.},
 month = oct,
 number = {12},
 pages = {1586-1596},
 publisher = {Wiley-Blackwell},
 source = {Crossref},
 title = {The Criteria for Beneficial Disorder in Thermoelectric Solid Solutions},
 url = {https://doi.org/10.1002/adfm.201201576},
 volume = {23},
 year = {2012},
}

@article{Weinan2007,
 author = {E, Weinan and Ren, Weiqing and Vanden-Eijnden, Eric},
 doi = {10.1063/1.2720838},
 issn = {0021-9606, 1089-7690},
 journal = {The Journal of Chemical Physics},
 month = apr,
 number = {16},
 pages = {164103},
 publisher = {AIP Publishing},
 source = {Crossref},
 title = {Simplified and improved string method for computing the minimum energy paths in barrier-crossing events},
 url = {https://doi.org/10.1063/1.2720838},
 volume = {126},
 year = {2007},
}

@article{Veithen2005a,
 author = {Veithen, M. and Ghosez, Ph.},
 doi = {10.1103/physrevb.71.132101},
 issn = {1098-0121, 1550-235X},
 journal = {Phys. Rev. B},
 month = apr,
 number = {13},
 publisher = {American Physical Society (APS)},
 source = {Crossref},
 title = {Temperature dependence of the electro-optic tensor and refractive indices {ofBaTiO3from} first principles},
 url = {https://doi.org/10.1103/physrevb.71.132101},
 volume = {71},
 year = {2005},
 pages = {132101},
}

@article{Waroquiers2013,
 author = {Waroquiers, David and Lherbier, Aurélien and Miglio, Anna and Stankovski, Martin and Poncé, Samuel and Oliveira, Micael J. T. and Giantomassi, Matteo and Rignanese, Gian-Marco and Gonze, Xavier},
 doi = {10.1103/physrevb.87.075121},
 issn = {1098-0121, 1550-235X},
 journal = {Phys. Rev. B},
 month = feb,
 number = {7},
 publisher = {American Physical Society (APS)},
 source = {Crossref},
 title = {Band widths and gaps from the Tran-Blaha functional: {Comparison} with many-body perturbation theory},
 url = {https://doi.org/10.1103/physrevb.87.075121},
 volume = {87},
 year = {2013},
 pages = {075121},
}

@article{Wiktor2014,
 author = {Wiktor, Julia and Kerbiriou, Xavier and Jomard, Gérald and Esnouf, Stéphane and Barthe, Marie-France and Bertolus, Marjorie},
 doi = {10.1103/physrevb.89.155203},
 issn = {1098-0121, 1550-235X},
 journal = {Phys. Rev. B},
 month = apr,
 number = {15},
 publisher = {American Physical Society (APS)},
 source = {Crossref},
 title = {Positron annihilation spectroscopy investigation of vacancy clusters in silicon carbide: {Combining} experiments and electronic structure calculations},
 url = {https://doi.org/10.1103/physrevb.89.155203},
 volume = {89},
 year = {2014},
 pages = {155203},
}

@article{Wiktor2014a,
 author = {Wiktor, Julia and Barthe, Marie-France and Jomard, Gérald and Torrent, Marc and Freyss, Michel and Bertolus, Marjorie},
 doi = {10.1103/physrevb.90.184101},
 issn = {1098-0121, 1550-235X},
 journal = {Phys. Rev. B},
 month = nov,
 number = {18},
 publisher = {American Physical Society (APS)},
 source = {Crossref},
 title = {Coupled experimental {andDFT+Uinvestigation} of positron lifetimes {inUO2}},
 url = {https://doi.org/10.1103/physrevb.90.184101},
 volume = {90},
 year = {2014},
 pages = {184101},
}

@article{Wiktor2013,
 author = {Wiktor, Julia and Jomard, Gérald and Torrent, Marc and Bertolus, Marjorie},
 doi = {10.1103/physrevb.87.235207},
 issn = {1098-0121, 1550-235X},
 journal = {Phys. Rev. B},
 month = jun,
 number = {23},
 publisher = {American Physical Society (APS)},
 source = {Crossref},
 title = {Electronic structure investigation of energetics and positron lifetimes of fully relaxed monovacancies with various charge states in {3C}-{SiC} and {6H}-{SiC}},
 url = {https://doi.org/10.1103/physrevb.87.235207},
 volume = {87},
 year = {2013},
 pages = {235207},
}

@book{Ziman1960,
 author = {Ziman, J.M.},
 doi = {10.1093/acprof:oso/9780198507796.001.0001},
 month = feb,
 publisher = {Oxford University Press},
 source = {Crossref},
 title = {Electrons and Phonons},
 url = {https://doi.org/10.1093/acprof:oso/9780198507796.001.0001},
 year = {2001},
 isbn = {9780198507796},
}

@article{Werner2006,
 author = {Werner, Philipp and Comanac, Armin and de’ Medici, Luca and Troyer, Matthias and Millis, Andrew J.},
 doi = {10.1103/physrevlett.97.076405},
 issn = {0031-9007, 1079-7114},
 journal = {Phys. Rev. Lett.},
 month = aug,
 number = {7},
 publisher = {American Physical Society (APS)},
 source = {Crossref},
 title = {Continuous-Time Solver for Quantum Impurity Models},
 url = {https://doi.org/10.1103/physrevlett.97.076405},
 volume = {97},
 year = {2006},
 pages = {076405},
}

@article{Zhou2006a,
 author = {Zhou, Yunkai and Saad, Yousef and Tiago, Murilo L. and Chelikowsky, James R.},
 doi = {10.1016/j.jcp.2006.03.017},
 issn = {0021-9991},
 journal = {J. Comput. Phys.},
 month = nov,
 number = {1},
 pages = {172-184},
 publisher = {Elsevier BV},
 source = {Crossref},
 title = {Self-consistent-field calculations using {Chebyshev}-filtered subspace iteration},
 url = {https://doi.org/10.1016/j.jcp.2006.03.017},
 volume = {219},
 year = {2006},
}

@article{Wiktor2014b,
 author = {Wiktor, J. and Jomard, G. and Bertolus, M.},
 doi = {10.1016/j.nimb.2013.09.050},
 issn = {0168-583X},
 journal = {Nucl. Instrum. Methods Phys. Res., Sect. B},
 month = may,
 pages = {63-67},
 publisher = {Elsevier BV},
 source = {Crossref},
 title = {Electronic structure calculations of positron lifetimes in {SiC:} {{Self}-consistent} schemes and relaxation effect},
 url = {https://doi.org/10.1016/j.nimb.2013.09.050},
 volume = {327},
 year = {2014},
}

@article{Zwanziger2008,
 author = {Zwanziger, J. W. and Torrent, M.},
 doi = {10.1007/s00723-008-0080-1},
 issn = {0937-9347, 1613-7507},
 journal = {Appl Magn Reson},
 month = may,
 number = {4},
 pages = {447-456},
 publisher = {Springer Nature},
 source = {Crossref},
 title = {First-Principles Calculation of Electric Field Gradients in Metals, Semiconductors, and Insulators},
 url = {https://doi.org/10.1007/s00723-008-0080-1},
 volume = {33},
 year = {2008},
}

@book{Mattuck1976,
 author = {Mattuck, R.D.},
 isbn = {9780486670478},
 lccn = {92004895},
 publisher = {Dover Publications, Incorporated},
 series = {Dover Books on Physics Series},
 title = {A Guide to Feynman Diagrams in the Many-body Problem},
 url = {http://books.google.co.uk/books?id=pe-v8zfxE68C},
 year = {1976},
}

@article{Wiktor2015,
 author = {Wiktor, Julia and Jomard, Gérald and Torrent, Marc},
 doi = {10.1103/physrevb.92.125113},
 issn = {1098-0121, 1550-235X},
 journal = {Phys. Rev. B},
 month = sep,
 number = {12},
 publisher = {American Physical Society (APS)},
 source = {Crossref},
 title = {Two-component density functional theory within the projector augmented-wave approach: {Accurate} and self-consistent computations of positron lifetimes and momentum distributions},
 url = {https://doi.org/10.1103/physrevb.92.125113},
 volume = {92},
 year = {2015},
 pages = {125113},
}

@article{Xu2014,
 author = {Xu, Bin and Verstraete, Matthieu J.},
 doi = {10.1103/physrevlett.112.196603},
 issn = {0031-9007, 1079-7114},
 journal = {Phys. Rev. Lett.},
 month = may,
 number = {19},
 publisher = {American Physical Society (APS)},
 source = {Crossref},
 title = {First Principles Explanation of the Positive Seebeck Coefficient of Lithium},
 url = {https://doi.org/10.1103/physrevlett.112.196603},
 volume = {112},
 year = {2014},
 pages = {196603},
}

@article{Zhou2006,
 author = {Zhou, Yunkai and Saad, Yousef and Tiago, Murilo L. and Chelikowsky, James R.},
 doi = {10.1103/physreve.74.066704},
 issn = {1539-3755, 1550-2376},
 journal = {Phys. Rev. E},
 month = dec,
 number = {6},
 publisher = {American Physical Society (APS)},
 source = {Crossref},
 title = {Parallel self-consistent-field calculations via {Chebyshev}-filtered subspace acceleration},
 url = {https://doi.org/10.1103/physreve.74.066704},
 volume = {74},
 year = {2006},
 pages = {066704},
}

@article{Zwanziger2012,
 author = {Zwanziger, J.W. and Galbraith, J. and Kipouros, Y. and Torrent, M. and Giantomassi, M. and Gonze, X.},
 doi = {10.1016/j.commatsci.2012.01.028},
 issn = {0927-0256},
 journal = {Computational Materials Science},
 month = jun,
 pages = {113-118},
 publisher = {Elsevier BV},
 source = {Crossref},
 title = {Finite homogeneous electric fields in the projector augmented wave formalism: {Applications} to linear and nonlinear response},
 url = {https://doi.org/10.1016/j.commatsci.2012.01.028},
 volume = {58},
 year = {2012},
}

@article{Jia2017,
 author = {Jia, Yongchao and Poncé, Samuel and Miglio, Anna and Mikami, Masayoshi and Gonze, Xavier},
 doi = {10.1002/adom.201600997},
 issn = {2195-1071},
 journal = {Adv. Opt. Mater.},
 month = mar,
 number = {7},
 pages = {1600997},
 publisher = {Wiley},
 source = {Crossref},
 title = {Assessment of First-Principles and Semiempirical Methodologies for Absorption and Emission Energies of Ce3+ -Doped Luminescent Materials},
 url = {https://doi.org/10.1002/adom.201600997},
 volume = {5},
 year = {2017},
}

@article{Zwanziger2009,
 author = {Zwanziger, J W},
 doi = {10.1088/0953-8984/21/19/195501},
 issn = {0953-8984, 1361-648X},
 journal = {J. Phys.: Condens. Matter},
 month = apr,
 number = {19},
 pages = {195501},
 publisher = {IOP Publishing},
 source = {Crossref},
 title = {Computation of Mössbauer isomer shifts from first principles},
 url = {https://doi.org/10.1088/0953-8984/21/19/195501},
 volume = {21},
 year = {2009},
}

@article{Zwanziger2009a,
 author = {Zwanziger, J. W.},
 doi = {10.1103/physrevb.79.033112},
 issn = {1098-0121, 1550-235X},
 journal = {Phys. Rev. B},
 month = jan,
 number = {3},
 publisher = {American Physical Society (APS)},
 source = {Crossref},
 title = {First-principles study of the nuclear quadrupole resonance parameters and orbital ordering {inLaTiO3}},
 url = {https://doi.org/10.1103/physrevb.79.033112},
 volume = {79},
 year = {2009},
 pages = {033112},
}

@article{Veithen2002,
 author = {Veithen, M. and Gonze, X. and Ghosez, Ph.},
 doi = {10.1103/physrevb.66.235113},
 issn = {0163-1829, 1095-3795},
 journal = {Phys. Rev. B},
 month = dec,
 number = {23},
 publisher = {American Physical Society (APS)},
 source = {Crossref},
 title = {Electron localization: {{Band}-by-band} decomposition and application to oxides},
 url = {https://doi.org/10.1103/physrevb.66.235113},
 volume = {66},
 year = {2002},
 pages = {235113},
}

@article{Shishkin2006,
 author = {Shishkin, M. and Kresse, G.},
 doi = {10.1103/physrevb.74.035101},
 issn = {1098-0121, 1550-235X},
 journal = {Phys. Rev. B},
 month = jul,
 number = {3},
 publisher = {American Physical Society (APS)},
 source = {Crossref},
 title = {Implementation and performance of the frequency-{dependentGWmethod} within the {PAW} framework},
 url = {https://doi.org/10.1103/physrevb.74.035101},
 volume = {74},
 year = {2006},
 pages = {035101},
}

@article{Adler1962,
 author = {Adler, Stephen L.},
 doi = {10.1103/physrev.126.413},
 issn = {0031-899X},
 journal = {Phys. Rev.},
 month = apr,
 number = {2},
 pages = {413-420},
 publisher = {American Physical Society (APS)},
 source = {Crossref},
 title = {Quantum Theory of the Dielectric Constant in Real Solids},
 url = {https://doi.org/10.1103/physrev.126.413},
 volume = {126},
 year = {1962},
}

@article{Miyake2000,
 author = {Miyake, T. and Aryasetiawan, F.},
 doi = {10.1103/physrevb.61.7172},
 issn = {0163-1829, 1095-3795},
 journal = {Phys. Rev. B},
 month = mar,
 number = {11},
 pages = {7172-7175},
 publisher = {American Physical Society (APS)},
 source = {Crossref},
 title = {Efficient algorithm for calculating noninteracting frequency-dependent linear response functions},
 url = {https://doi.org/10.1103/physrevb.61.7172},
 volume = {61},
 year = {2000},
}

@article{Gruning2009,
 author = {Grüning, Myrta and Marini, Andrea and Gonze, Xavier},
 doi = {10.1021/nl803717g},
 issn = {1530-6984, 1530-6992},
 journal = {Nano Lett.},
 month = aug,
 number = {8},
 pages = {2820-2824},
 publisher = {American Chemical Society (ACS)},
 source = {Crossref},
 title = {Exciton-Plasmon States in Nanoscale Materials: {Breakdown} of the {Tamm−Dancoff} Approximation},
 url = {https://doi.org/10.1021/nl803717g},
 volume = {9},
 year = {2009},
}

@article{Wiser1963,
 author = {Wiser, Nathan},
 doi = {10.1103/physrev.129.62},
 issn = {0031-899X},
 journal = {Phys. Rev.},
 month = jan,
 number = {1},
 pages = {62-69},
 publisher = {American Physical Society (APS)},
 source = {Crossref},
 title = {Dielectric Constant with Local Field Effects Included},
 url = {https://doi.org/10.1103/physrev.129.62},
 volume = {129},
 year = {1963},
}

@article{Baroni1986,
 author = {Baroni, Stefano and Resta, Raffaele},
 doi = {10.1103/physrevb.33.7017},
 issn = {0163-1829},
 journal = {Phys. Rev. B},
 month = may,
 number = {10},
 pages = {7017-7021},
 publisher = {American Physical Society (APS)},
 source = {Crossref},
 title = {Ab initiocalculation of the macroscopic dielectric constant in silicon},
 url = {https://doi.org/10.1103/physrevb.33.7017},
 volume = {33},
 year = {1986},
}

@article{Lebegue2003,
 author = {Lebègue, S. and Arnaud, B. and Alouani, M. and Bloechl, P. E.},
 doi = {10.1103/physrevb.67.155208},
 issn = {0163-1829, 1095-3795},
 journal = {Phys. Rev. B},
 month = apr,
 number = {15},
 publisher = {American Physical Society (APS)},
 source = {Crossref},
 title = {Implementation of an all-electron {GW} approximation based on the projector augmented wave method without plasmon pole approximation: {Application} to Si, {SiC,} {AlAs,} {InAs,} {NaH,} and {KH}},
 url = {https://doi.org/10.1103/physrevb.67.155208},
 volume = {67},
 year = {2003},
 pages = {155208},
}
@unpublished{Geneste2016,
 author = {Geneste, G. and Amadon, B. and Torrent, M. and Dezanneau, G.},
 title = {Unpublished},
 year = {2016},
}
@phdthesis{Moscaconte2007,
 author = {Mosca Conte, A.},
 title = {Quantum mechanical modeling of nano magnetism},
 school = {SISSA},
 year = {2007},
 address = {Trieste Italy},
 opturi = {http://hdl.handle.net/20.500.11767/3935},
}
@mastersthesis{Rostgaard2006,
  Author         = {C. Rostgaard},
  Title          = {Exact exchange in density functional calculations},
  School         = {Technical University of Denmark},
  Address        = {Lyngby},
  year           = {2006},
  url            = {https://wiki.fysik.dtu.dk/gpaw/_downloads/rostgaard_master.pdf}
}
@misc{Tremblay2017,
  title = {Probl\`eme \`a N-corps},
  author = {Andr\'e-Marie Tremblay},
  note = {Notes de cours},
  howpublished = {available <a href="https://www.physique.usherbrooke.ca/pages/en/node/3436">here</a>},
  url= {https://www.physique.usherbrooke.ca/pages/en/node/3436},
  year={2017}
}

@article{Perdew1996,
 author = {Perdew, John P. and Burke, Kieron and Ernzerhof, Matthias},
 doi = {10.1103/physrevlett.77.3865},
 number = {18},
 pages = {3865-3868},
 source = {Crossref},
 url = {http://dx.doi.org/10.1103/physrevlett.77.3865},
 volume = {77},
 journal = {Phys. Rev. Lett.},
 publisher = {American Physical Society (APS)},
 title = {Generalized Gradient Approximation Made Simple},
 issn = {0031-9007, 1079-7114},
 year = {1996},
 month = oct,
}

@article{Monkhorst1976,
 author = {Monkhorst, Hendrik J. and Pack, James D.},
 doi = {10.1103/physrevb.13.5188},
 number = {12},
 pages = {5188-5192},
 source = {Crossref},
 url = {http://dx.doi.org/10.1103/physrevb.13.5188},
 volume = {13},
 journal = {Phys. Rev. B},
 publisher = {American Physical Society (APS)},
 title = {Special points for {Brillouin}-zone integrations},
 issn = {0556-2805},
 year = {1976},
 month = jun,
}

@article{Wu2005,
 author = {Wu, Xifan and Vanderbilt, David and Hamann, D. R.},
 doi = {10.1103/physrevb.72.035105},
 number = {3},
 source = {Crossref},
 url = {http://dx.doi.org/10.1103/physrevb.72.035105},
 volume = {72},
 journal = {Phys. Rev. B},
 publisher = {American Physical Society (APS)},
 title = {Systematic treatment of displacements, strains, and electric fields in density-functional perturbation theory},
 issn = {1098-0121, 1550-235X},
 year = {2005},
 month = jul,
 pages = {035105},
}

@article{Vanderbilt1993,
 author = {Vanderbilt, David and King-Smith, R. D.},
 doi = {10.1103/physrevb.48.4442},
 number = {7},
 pages = {4442-4455},
 source = {Crossref},
 url = {http://dx.doi.org/10.1103/physrevb.48.4442},
 volume = {48},
 journal = {Phys. Rev. B},
 publisher = {American Physical Society (APS)},
 title = {Electric polarization as a bulk quantity and its relation to surface charge},
 issn = {0163-1829, 1095-3795},
 year = {1993},
 month = aug,
}

@article{Djani2012,
 author = {Djani, Hania and Bousquet, Eric and Kellou, Abdelhafid and Ghosez, Philippe},
 doi = {10.1103/physrevb.86.054107},
 number = {5},
 source = {Crossref},
 url = {http://dx.doi.org/10.1103/physrevb.86.054107},
 volume = {86},
 journal = {Phys. Rev. B},
 publisher = {American Physical Society (APS)},
 title = {First-principles study of the ferroelectric Aurivillius phase {Bi2WO6}},
 issn = {1098-0121, 1550-235X},
 year = {2012},
 month = aug,
 pages = {054107},
}

@article{Marzari1997,
 author = {Marzari, Nicola and Vanderbilt, David},
 doi = {10.1103/physrevb.56.12847},
 number = {20},
 pages = {12847-12865},
 source = {Crossref},
 url = {http://dx.doi.org/10.1103/physrevb.56.12847},
 volume = {56},
 journal = {Phys. Rev. B},
 publisher = {American Physical Society (APS)},
 title = {Maximally localized generalized Wannier functions for composite energy bands},
 issn = {0163-1829, 1095-3795},
 year = {1997},
 month = nov,
}

@article{Souza2002a,
 author = {Souza, Ivo and Marzari, Nicola and Vanderbilt, David},
 doi = {10.1103/physrevb.65.035109},
 number = {3},
 source = {Crossref},
 url = {http://dx.doi.org/10.1103/physrevb.65.035109},
 volume = {65},
 journal = {Phys. Rev. B},
 publisher = {American Physical Society (APS)},
 title = {Maximally localized Wannier functions for entangled energy bands},
 issn = {0163-1829, 1095-3795},
 year = {2001},
 month = dec,
 pages = {035109},
}

@article{Draxl2006,
 author = {Ambrosch-Draxl, Claudia and Sofo, Jorge O.},
 doi = {10.1016/j.cpc.2006.03.005},
 number = {1},
 pages = {1-14},
 source = {Crossref},
 url = {http://dx.doi.org/10.1016/j.cpc.2006.03.005},
 volume = {175},
 journal = {Comput. Phys. Commun.},
 publisher = {Elsevier BV},
 title = {Linear optical properties of solids within the full-potential linearized augmented planewave method},
 issn = {0010-4655},
 year = {2006},
 month = jul,
}

@book{Martin2008,
 author = {Martin, Richard M.},
 title = {Electronic Structure},
 isbn = {9780511805769},
 lccn = {2009285532},
 url = {https://doi.org/10.1017/cbo9780511805769},
 year = {2004},
 publisher = {Cambridge University Press},
 doi = {10.1017/cbo9780511805769},
 source = {Crossref},
 subtitle = {Basic Theory and Practical Methods},
}

@article{Kresse1996,
 author = {Kresse, G. and Furthmüller, J.},
 doi = {10.1103/physrevb.54.11169},
 number = {16},
 pages = {11169-11186},
 source = {Crossref},
 url = {http://dx.doi.org/10.1103/physrevb.54.11169},
 volume = {54},
 journal = {Phys. Rev. B},
 publisher = {American Physical Society (APS)},
 title = {Efficient iterative schemes forab initiototal-energy calculations using a plane-wave basis set},
 issn = {0163-1829, 1095-3795},
 year = {1996},
 month = oct,
}

@article{Nielsen1985,
 author = {Nielsen, O. H. and Martin, Richard M.},
 doi = {10.1103/physrevb.32.3780},
 number = {6},
 pages = {3780-3791},
 source = {Crossref},
 url = {http://dx.doi.org/10.1103/physrevb.32.3780},
 volume = {32},
 journal = {Phys. Rev. B},
 publisher = {American Physical Society (APS)},
 title = {Quantum-mechanical theory of stress and force},
 issn = {0163-1829},
 year = {1985},
 month = sep,
}

@article{Liu1996,
 author = {Liu, Amy Y. and Quong, Andrew A.},
 doi = {10.1103/physrevb.53.r7575},
 number = {12},
 pages = {R7575-R7579},
 source = {Crossref},
 url = {http://dx.doi.org/10.1103/physrevb.53.r7575},
 volume = {53},
 journal = {Phys. Rev. B},
 publisher = {American Physical Society (APS)},
 title = {Linear-response calculation of electron-phonon coupling parameters},
 issn = {0163-1829, 1095-3795},
 year = {1996},
 month = mar,
}

@incollection{Allen1983a,
 editor = {Ehrenreich, Henry and Seitz, Frederick and Turnbull, David},
 author = {Allen, Philip B. and Mitrović, Božidar},
 title = {Theory of Superconducting {Tc}},
 series = {Solid State Physics},
 publisher = {Elsevier},
 volume = {37},
 pages = {1-92},
 year = {1983},
 issn = {0081-1947},
 doi = {10.1016/s0081-1947(08)60665-7},
 url = {https://doi.org/10.1016/s0081-1947(08)60665-7},
 source = {Crossref},
 booktitle = {Solid State Physics},
 isbn = {9780126077377},
}

@article{McMillan1968,
 author = {McMillan, W. L.},
 doi = {10.1103/physrev.167.331},
 number = {2},
 pages = {331-344},
 source = {Crossref},
 url = {http://dx.doi.org/10.1103/physrev.167.331},
 volume = {167},
 journal = {Phys. Rev.},
 publisher = {American Physical Society (APS)},
 title = {Transition Temperature of Strong-Coupled Superconductors},
 issn = {0031-899X},
 year = {1968},
 month = mar,
}

@article{Allen1975,
 author = {Allen, P. B. and Dynes, R. C.},
 doi = {10.1103/physrevb.12.905},
 number = {3},
 pages = {905-922},
 source = {Crossref},
 url = {http://dx.doi.org/10.1103/physrevb.12.905},
 volume = {12},
 journal = {Phys. Rev. B},
 publisher = {American Physical Society (APS)},
 title = {Transition temperature of strong-coupled superconductors reanalyzed},
 issn = {0556-2805},
 year = {1975},
 month = aug,
}

@article{Hobbs2000,
 author = {Hobbs, D. and Kresse, G. and Hafner, J.},
 doi = {10.1103/physrevb.62.11556},
 number = {17},
 pages = {11556-11570},
 source = {Crossref},
 url = {http://dx.doi.org/10.1103/physrevb.62.11556},
 volume = {62},
 journal = {Phys. Rev. B},
 publisher = {American Physical Society (APS)},
 title = {Fully unconstrained noncollinear magnetism within the projector augmented-wave method},
 issn = {0163-1829, 1095-3795},
 year = {2000},
 month = nov,
}

@article{Perdew1992,
 author = {Perdew, John P. and Chevary, J. A. and Vosko, S. H. and Jackson, Koblar A. and Pederson, Mark R. and Singh, D. J. and Fiolhais, Carlos},
 doi = {10.1103/physrevb.46.6671},
 number = {11},
 pages = {6671-6687},
 source = {Crossref},
 url = {http://dx.doi.org/10.1103/physrevb.46.6671},
 volume = {46},
 journal = {Phys. Rev. B},
 publisher = {American Physical Society (APS)},
 title = {Atoms, molecules, solids, and surfaces: {Applications} of the generalized gradient approximation for exchange and correlation},
 issn = {0163-1829, 1095-3795},
 year = {1992},
 month = sep,
}
@article{Blanco1997,
 author = {Blanco, Miguel A. and Flórez, M. and Bermejo, M.},
 title = {Evaluation of the rotation matrices in the basis of real spherical harmonics},
 journal = {J. Mol. Struct. THEOCHEM},
 volume = {419},
 number = {1-3},
 pages = {19-27},
 year = {1997},
 issn = {0166-1280},
 doi = {10.1016/s0166-1280(97)00185-1},
 url = {https://doi.org/10.1016/s0166-1280(97)00185-1},
 keywords = {Wigner functions, Real spherical harmonics, Electronic structure calculations, Rotation matrices},
 source = {Crossref},
 publisher = {Elsevier BV},
 month = dec,
}

@book{bassani1975,
  title={Electronic states and optical transitions in solids},
  author={Bassani, G.F. and Parravicini, G.P.},
  isbn={9780080168463},
  lccn={gb75022672},
  series={International series of monographs in the science of the solid state},
  url={https://books.google.be/books?id=cGh5AAAAIAAJ},
  year={1975},
  publisher={Pergamon Press}
}

@Article{Bhagavantam1964,
author="Bhagavantam, S. and Pantulu, P. V.",
title="Crystal symmetry and physical properties: Application of group theory",
journal="Proceedings of the Indian Academy of Sciences - Section A",
year="1964",
month="Jul",
day="01",
volume="60",
number="1",
pages="1--10",
abstract="A group theoretical method given by one of us in earlier publications for studying the effect of crystal symmetry on physical properties is now extended to cover the galvanomagnetic, thermomagnetic and piezo-galvanomagnetic effects in single crystals. These effects have gained importance in semi-conductor physics and such studies are therefore of current interest and may be expected to yield valuable new information.",
issn="0370-0089",
url = "http://www-old.ias.ac.in/j_archive/proca/volindex.html"
}

@book{Landau1984,
 author = {Landau, L.D. and Lifshit͡s, E.M. and Lifshit︠s︡, E.M. and Pitaevski{\u\i}, L.P.},
 title = {Electrodynamics of continuous media:},
 isbn = {9780080302751},
 lccn = {83024997},
 series = {Pergamon international library of science, technology, engineering, and social studies},
 url = {https://books.google.be/books?id=j7nvAAAAMAAJ},
 year = {1984},
 publisher = {Pergamon},
}

@article{Kleinman1982,
 author = {Kleinman, Leonard and Bylander, D. M.},
 doi = {10.1103/physrevlett.48.1425},
 number = {20},
 pages = {1425-1428},
 source = {Crossref},
 url = {http://dx.doi.org/10.1103/physrevlett.48.1425},
 volume = {48},
 journal = {Phys. Rev. Lett.},
 publisher = {American Physical Society (APS)},
 title = {Efficacious Form for Model Pseudopotentials},
 issn = {0031-9007},
 year = {1982},
 month = may,
}

@article{Setten2018,
 author = {van Setten, M.J. and Giantomassi, M. and Bousquet, E. and Verstraete, M.J. and Hamann, D.R. and Gonze, X. and Rignanese, G.-M.},
 doi = {10.1016/j.cpc.2018.01.012},
 pages = {39-54},
 source = {Crossref},
 url = {http://dx.doi.org/10.1016/j.cpc.2018.01.012},
 volume = {226},
 journal = {Comput. Phys. Commun.},
 publisher = {Elsevier BV},
 title = {The {PseudoDojo}: {Training} and grading a 85 element optimized norm-conserving pseudopotential table},
 issn = {0010-4655},
 year = {2018},
 month = may,
}

@article{Garcia2018,
 author = {García, Alberto and Verstraete, Matthieu J. and Pouillon, Yann and Junquera, Javier},
 doi = {10.1016/j.cpc.2018.02.011},
 pages = {51-71},
 source = {Crossref},
 url = {http://dx.doi.org/10.1016/j.cpc.2018.02.011},
 volume = {227},
 journal = {Computer Physics Communications},
 publisher = {Elsevier BV},
 title = {The psml format and library for norm-conserving pseudopotential data curation and interoperability},
 issn = {0010-4655},
 year = {2018},
 month = jun,
}
@article{Ceresoli2006,
 author = {Ceresoli, Davide and Thonhauser, T. and Vanderbilt, David and Resta, R.},
 journal = {Phys. Rev. B},
 pages = {024408},
 title = {Orbital magnetization in crystalline solids: {Multi-band} insulators, Chern insulators, and metals},
 volume = {74},
 year = {2006},
 url = {https://doi.org/10.1103/physrevb.74.024408},
 doi = {10.1103/physrevb.74.024408},
 number = {2},
 source = {Crossref},
 publisher = {American Physical Society (APS)},
 issn = {1098-0121, 1550-235X},
 month = jul,
}
